% This file was created with JabRef 2.10.
% Encoding: ISO8859_1


@Article{Abed2005,
  Title                    = {A consistent modified {Z}erilli-{A}rmstrong flow stress 
 model for bcc and fcc metals for elevated temperatures},
  Author                   = {Abed, F. H. and Voyiadjis, G. Z.},
  Journal                  = {Acta Mechanica},
  Year                     = {2005},
  Pages                    = {1--18},
  Volume                   = {175}
}

@InCollection{Aboudi1993,
  Title                    = {Constitutive behavior of multiphase metal matrix composites 
 with interfacial damage by the generalized cells model},
  Author                   = {Aboudi, J. },
  Booktitle                = {Damage in Composite Materials},
  Publisher                = {Elsevier Science Publishers},
  Year                     = {1993},

  Address                  = {Amsterdam},
  Editor                   = {Voyiadjis, G. Z. },
  Pages                    = {3--22}
}

@Article{Aboudi1996a,
  Title                    = {Micromechanical analysis of composites by the method of 
 cells - update},
  Author                   = {Aboudi, J. },
  Journal                  = {Appl. Mech. Rev},
  Year                     = {1996},
  Number                   = {10},
  Pages                    = {S83--S91},
  Volume                   = {49}
}

@Article{Aboudi1995,
  Title                    = {Micromechanical analysis of thermo-inelastic multiphase 
 short fiber composites},
  Author                   = {Aboudi, J. },
  Journal                  = {Composites Engg. },
  Year                     = {1995},
  Number                   = {7},
  Pages                    = {839--850},
  Volume                   = {5}
}

@Book{Aboudi1991,
  Title                    = {Mechanics of Composite Materials - A Unified 
 Micromechanical Approach},
  Author                   = {Aboudi, J. },
  Publisher                = {Elsevier},
  Year                     = {1991},

  Address                  = {Amsterdam}
}

@InCollection{Aboudi1996,
  Title                    = {An interfacial damage model for titanium matrix 
 composites},
  Author                   = {Aboudi, J. and Herakovich, C. T. },
  Booktitle                = {Damage and Interfacial Debonding in Composites},
  Publisher                = {Elsevier Science Publishers},
  Year                     = {1996},

  Address                  = {Amsterdam},
  Editor                   = {Voyiadjis, G. Z. and Allen, D. H. },
  Pages                    = {149--165}
}

@Article{Achenbach1989,
  Title                    = {Effect of interfacial zone on mechanical behavior and 
 failure of fiber-reinforced composites},
  Author                   = {Achenbach, J. D. and Zhu, H. },
  Journal                  = {J. Mech. Phys. Solids},
  Year                     = {1989},
  Number                   = {3},
  Pages                    = {381--393},
  Volume                   = {37}
}

@Article{Adams1984,
  Title                    = {Finite element micromechanical analysis of a unidirectional 
 composite including longitudinal shear loading},
  Author                   = {Adams, D. F. and Crane, D. A. },
  Journal                  = {Computers and Structures},
  Year                     = {1984},
  Number                   = {6},
  Pages                    = {1153--1164},
  Volume                   = {18}
}

@Article{Adams1967,
  Title                    = {Transverse normal loading of a unidirectional composite},
  Author                   = {Adams, D. F. and Doner, D. F. },
  Journal                  = {J. Composite Materials},
  Year                     = {1967},
  Pages                    = {152--164},
  Volume                   = {1}
}

@Article{Adams1967a,
  Title                    = {Longitudinal shear loading of a unidirectional composite},
  Author                   = {Adams, D. F. and Doner, D. F. },
  Journal                  = {J. Composite Materials},
  Year                     = {1967},
  Pages                    = {4--17},
  Volume                   = {1}
}

@Article{Adams1969,
  Title                    = {The influence of random filament packing on the transverse 
 stiffness of unidirectional composites},
  Author                   = {Adams, D. F. and Tsai, S. W. },
  Journal                  = {J. Composite Materials},
  Year                     = {1969},
  Pages                    = {368--381},
  Volume                   = {3}
}

@Article{Addessio1993a,
  Title                    = {Rate-dependent ductile failure model},
  Author                   = {Addessio, F. L. and Johnson, J. N. },
  Journal                  = {J. Appl. Phys. },
  Year                     = {1993},
  Number                   = {3},
  Pages                    = {1640--1648},
  Volume                   = {74}
}

@Article{Addessio1993,
  Title                    = {The effect of void growth on {T}aylor cylinder impact 
 experiments},
  Author                   = {Addessio, F. L. and Johnson, J. N. and Maudlin, P. J.},
  Journal                  = {J. Appl. Phys. },
  Year                     = {1993},
  Number                   = {11},
  Pages                    = {7288--7297},
  Volume                   = {73}
}

@Article{Ahlers1966,
  Title                    = {Heat capacity of copper},
  Author                   = {Ahlers, G.},
  Journal                  = {The Review of Scientific Instruments},
  Year                     = {1966},
  Number                   = {4},
  Pages                    = {477--480},
  Volume                   = {37}
}

@Article{Alfano1998,
  Title                    = {A displacement-like finite element model for {J_2}
 elastoplasticity: variation formulation and finite-step
 solution},
  Author                   = {Alfano, G. and Rosati, L. and Valoroso, N. },
  Journal                  = {Comput. Methods Appl. Mech. Engrg. },
  Year                     = {1998},
  Pages                    = {325--358},
  Volume                   = {155}
}

@Book{altabbaa1987,
  Title                    = {Permeability and stress-strain response of speswhite kaolin},
  Author                   = {A. Al-Tabbaa},
  Year                     = {1987}
}

@Book{an2010,
  Title                    = {Soil {Behavior} under {Blast} {Loading}},
  Author                   = {J. An},
  Publisher                = {Civil Engineering Theses, Dissertations, and Student Research},
  Year                     = {2010},
  Month                    = dec
}

@Article{Anand1985,
  Title                    = {Constitutive equations for hot-working of metals},
  Author                   = {Anand, L.},
  Journal                  = {Int. J. Plasticity},
  Year                     = {1985},
  Pages                    = {213--231},
  Volume                   = {1}
}

@Article{Anand1979,
  Title                    = {On {H}. {H}encky's approximate strain-energy function for
 moderate deformations},
  Author                   = {Anand, L.},
  Journal                  = {ASME J. Appl. Mech.},
  Year                     = {1979},
  Pages                    = {78--82},
  Volume                   = {46}
}

@Article{Anderson1988,
  Title                    = {Ballistic impact: {T}he status of analytical and numerical
 modelling},
  Author                   = {Anderson, C. E. and Bodner, S. R.},
  Journal                  = {Int. J. Impact Engng.},
  Year                     = {1988},
  Number                   = {1},
  Pages                    = {9--35},
  Volume                   = {7}
}

@InProceedings{Anderson2001,
  Title                    = {Deformation and damage of two aluminum alloys from 
 ballistic impact},
  Author                   = {Anderson, C. E. and Dannemann, K. A.},
  Booktitle                = {Proc. , 12th APS Topical Conference on Shock Compression of 
 Condensed Matter},
  Year                     = {2001},
  Organization             = {American Physical Society},
  Pages                    = {1298--1301}
}

@Article{Anderson1995,
  Title                    = {Time-resolved penetration of long rods into steel 
 targets},
  Author                   = {Anderson, C. E. and Volker H. and Walker, J. D. and
 Stilp, A. J.},
  Journal                  = {Int. J. Impact Engng.},
  Year                     = {1995},
  Number                   = {1},
  Pages                    = {1--18},
  Volume                   = {16}
}

@Article{Andrade1952,
  Title                    = {Viscosity of liquids},
  Author                   = {da Andrade, E. N.},
  Journal                  = {Proc. R. Soc. Lond. A},
  Year                     = {1952},
  Number                   = {1120},
  Pages                    = {36-43},
  Volume                   = {215}
}

@Article{Andrade1934,
  Title                    = {The theory of viscosity of liquids: {I}},
  Author                   = {da Andrade, E. N.},
  Journal                  = {Philosphical Magazine},
  Year                     = {1934},
  Pages                    = {497},
  Volume                   = {17}
}

@Manual{ANSYS2002,
  Title                    = {ANSYS 6. 0 User Manual},

  Address                  = {www. ansys. com},
  Author                   = {ANSYS},
  Organization             = {ANSYS Inc. },
  Year                     = {2002}
}

@Article{Aravas1987,
  Title                    = {On the numerical integration of a class of 
 pressure-dependent plasticity models},
  Author                   = {Aravas, N.},
  Journal                  = {Int. J. Num. Methods Engg.},
  Year                     = {1987},
  Pages                    = {1395--1416},
  Volume                   = {24}
}

@Article{Arminjon1999,
  Title                    = {A model with two micro-scales for the effects of geometric 
 distribution of material inhomogeneity},
  Author                   = {Arminjon, M. and Guessab, B. },
  Journal                  = {Acta Mechanica},
  Year                     = {1999},
  Pages                    = {61--79},
  Volume                   = {134}
}

@InProceedings{Armstrong1999,
  Title                    = {Toward a {C}ommon {C}omponent {A}rchitecture for 
 high-performance scientific computing},
  Author                   = {Armstrong, R. and Gammon, D. and Geist, A. and
 Keahey, K. and Kohn, S. and McInnes, L. and
 Parker, S. and Smolinski, B. },
  Booktitle                = {Proc. 1999 Conference on High Performance Distributed 
 Computing},
  Year                     = {1999}
}

@InProceedings{Arnold2001,
  Title                    = {Controlled fragmentation},
  Author                   = {Arnold, W.},
  Booktitle                = {Proc. , 12th APS Topical Conference on Shock Compression of 
 Condensed Matter},
  Year                     = {2001},
  Organization             = {American Physical Society},
  Pages                    = {527--530}
}

@Article{Asay1987,
  Title                    = {The response of materials to dynamic loading},
  Author                   = {Asay, J. R. and Kerley, G. I.},
  Journal                  = {Int. J. Impact Engng.},
  Year                     = {1987},
  Pages                    = {69--99},
  Volume                   = {5}
}

@Book{atkinson1978,
  Title                    = {Mechanics of Soils: An Introduction to Critical State Soil Mechanics},
  Author                   = {J. H. Atkinson and P. L. Bransby},
  Publisher                = {McGraw Hill Higher Education},
  Year                     = {1978}
}

@Article{Aurenhammer1991,
  Title                    = {Voronoi diagrams - a survey of a fundamental geometric 
 data structure},
  Author                   = {Aurenhammer, F. },
  Journal                  = {ACM Computing Surveys},
  Year                     = {1991},
  Number                   = {3},
  Pages                    = {345--405},
  Volume                   = {23}
}

@Article{Ayton2002,
  Title                    = {Interfacing molecular dynamics and macro-scale simulations
 for lipid bilayer vesicles},
  Author                   = {Ayton, G. and Smondyrev, A. M. and Bardenhagen, S. G. and
 McMurtry, P. and Voth, G. A. },
  Journal                  = {Biophysical Journal},
  Year                     = {2002},
  Pages                    = {1026--1038},
  Volume                   = {83}
}

@Article{azami2010,
  Title                    = {Bearing capacity of shallow foundations in transversely isotropic granular media},
  Author                   = {A. Azami and S. Pietruszczak and P. Guo},
  Journal                  = {International Journal for Numerical and Analytical Methods in Geomechanics},
  Year                     = {2010},
  Number                   = {8},
  Pages                    = {771--793},
  Volume                   = {34}
}

@Article{Babuska1973,
  Title                    = {The finite element method with Lagrangian multipliers},
  Author                   = {Babuska, I},
  Journal                  = {Num Math},
  Year                     = {1973},
  Pages                    = {179-192},
  Volume                   = {20}
}

@Article{Babuska2004,
  Title                    = {Verification and validation in computational engineering
 and science: basic concepts},
  Author                   = {Babuska, I. and Oden, J. T.},
  Journal                  = {Comput. Methods Appl. Mech. Engrg.},
  Year                     = {2004},
  Pages                    = {4057--4066},
  Volume                   = {193}
}

@TechReport{Baer2001,
  Title                    = {Modeling heterogeneous reactive materials at the 
 mesoscale},
  Author                   = {Baer, M. R. },
  Institution              = {Sandia National Laboratories},
  Year                     = {2001},

  Address                  = {Albuquerque, New Mexico},
  Number                   = {SAND 2001-2372J}
}

@InProceedings{Baer1998,
  Title                    = {Micromechanical modeling of heterogeneous energetic 
 materials},
  Author                   = {Baer, M. R. and Kipp, M. E. and van Swol, F. },
  Booktitle                = {Proc. 11th International Detonation Symposium},
  Year                     = {1998},

  Address                  = {Snowmass, Colorado},
  Pages                    = {788--801}
}

@TechReport{Bammann1999,
  Title                    = {Using spatial gradients to model localization phenomena},
  Author                   = {Bammann, D. J. and Mosher, D. and Hughes, D. A. and
 Moody, N. R. and Dawson, P. R. },
  Institution              = {Sandia National Laboratories},
  Year                     = {1999},

  Address                  = {Albuquerque, New Mexico},
  Number                   = {SAND99-8588}
}

@Article{Bancroft1956,
  Title                    = {Polymorphism of iron at high pressure},
  Author                   = {Bancroft, D. and Peterson, E. L. and Minshall, S.},
  Journal                  = {J. Appl. Phys},
  Year                     = {1956},
  Number                   = {3},
  Pages                    = {291--298},
  Volume                   = {27}
}

@Article{Banerjee2007,
  Title                    = {The {M}echanical {T}hreshold {S}tress model for various
 tempers of 4340 steel},
  Author                   = {Banerjee, B.},
  Journal                  = {Int. J. Solids Struct.},
  Year                     = {2007},
  Number                   = {3-4},
  Pages                    = {834--859},
  Volume                   = {44}
}

@InProceedings{Banerjee2005,
  Title                    = {Validation of {UINTAH}: {T}aylor impact and plasticity
 models},
  Author                   = {Banerjee, B.},
  Booktitle                = {Proc. 2005 Joint ASME/ASCE/SES Conference on Mechanics and
 Materials (McMat 2005)},
  Year                     = {2005},

  Address                  = {Baton Rouge, LA}
}

@Article{Banerjee2005a,
  Title                    = {The {M}echanical {T}hreshold {S}tress model for various
 tempers of 4340 steel},
  Author                   = {Banerjee, B.},
  Journal                  = {arXiv:cond-mat},
  Year                     = {2005},
  Pages                    = {1--39},
  Volume                   = {0510330}
}

@TechReport{Banerjee2005b,
  Title                    = {Taylor impact tests: {D}etailed report},
  Author                   = {Banerjee, B.},
  Institution              = {Center for the Simulation of Accidental Fires and
 Explosions},
  Year                     = {2005},

  Address                  = {University of Utah, USA},
  Number                   = {C-SAFE-CD-IR-05-001},

  Url                      = {http://www.csafe.utah.edu/documents/C-SAFE-CD-IR-05-001.pdf}
}

@Article{Banerjee2005c,
  Title                    = {An evaluation of plastic flow stress models for the 
 simulation of high-temperature and high strain-rate 
 deformation of metals},
  Author                   = {Banerjee, B.},
  Journal                  = {arXiv:cond-mat},
  Year                     = {2005},
  Pages                    = {1--43},
  Volume                   = {0512466}
}

@InProceedings{Banerjee2005d,
  Title                    = {Simulation of impact and fragmentation with the material 
 point method},
  Author                   = {Banerjee, B.},
  Booktitle                = {Proc. 11th International Conference on Fracture},
  Year                     = {2005},

  Address                  = {Turin, Italy}
}

@InProceedings{Banerjee2004a,
  Title                    = {Material Point Method simulations of fragmenting cylinders},
  Author                   = {Banerjee, B.},
  Booktitle                = {Proc. 17th ASCE Engineering Mechanics Conference (EM2004)},
  Year                     = {2004},

  Address                  = {Newark, Delaware}
}

@TechReport{Banerjee2004b,
  Title                    = {{MPM} Validation: Sphere-Cylinder Impact:
 Medium Resolution Simulations},
  Author                   = {Banerjee, B.},
  Institution              = {Center for the Simulation of Accidental Fires and
 Explosions},
  Year                     = {2004},

  Address                  = {University of Utah, USA},
  Number                   = {C-SAFE-CD-IR-04-003},

  Url                      = {http://www.csafe.utah.edu/documents/C-SAFE-CD-IR-04-003.pdf}
}

@TechReport{Banerjee2004c,
  Title                    = {{MPM} Validation: Sphere-Cylinder Impact Tests: 
 Energy Balance},
  Author                   = {Banerjee, B.},
  Institution              = {Center for the Simulation of Accidental Fires and
 Explosions},
  Year                     = {2004},

  Address                  = {University of Utah, USA},
  Number                   = {C-SAFE-CD-IR-04-001},

  Url                      = {http://www.csafe.utah.edu/documents/C-SAFE-CD-IR-04-001.pdf}
}

@TechReport{Banerjee2004d,
  Title                    = {{MPM} Validation: Sphere-Cylinder Impact:
 Low Resolution Simulations},
  Author                   = {Banerjee, B.},
  Institution              = {Center for the Simulation of Accidental Fires and
 Explosions},
  Year                     = {2004},

  Address                  = {University of Utah, USA},
  Number                   = {C-SAFE-CD-IR-04-002},

  Url                      = {http://www.csafe.utah.edu/documents/C-SAFE-CD-IR-04-002.pdf}
}

@PhdThesis{Banerjee2002a,
  Title                    = {Micromechanics-based prediction of thermoelastic properties 
 of high energy materials},
  Author                   = {Banerjee, B. },
  School                   = {University of Utah},
  Year                     = {2002},

  Address                  = {Salt Lake City, Utah}
}

@InCollection{Banerjee2003,
  Title                    = {Micromechanics-based prediction of thermoelastic properties
 of high energy materials},
  Author                   = {Banerjee, B. and Adams, D. O. },
  Booktitle                = {Constitutive Modeling in Geomaterials},
  Publisher                = {CRC Press},
  Year                     = {2003},

  Address                  = {Boca Raton},
  Editor                   = {Ling H. I. and Anandarajah, A. and Manzari, M. T. and
 Kaliakin, V. N. and Smyth, A. },
  Pages                    = {158--164}
}

@Article{Banerjee2004,
  Title                    = {On predicting the effective elastic properties of
 polymer bonded explosives using the recursive cell method},
  Author                   = {Banerjee, B. and Adams, D. O. },
  Journal                  = {Int. J. Solids Struct. },
  Year                     = {2004},
  Pages                    = {481-509},
  Volume                   = {41}
}

@Article{Banerjee2003b,
  Title                    = {Micromechanics-based prediction of effective elastic 
 properties of polymer bonded explosives},
  Author                   = {Banerjee, B. and Adams, D. O. },
  Journal                  = {Physica B},
  Year                     = {2003},
  Pages                    = {8-15},
  Volume                   = {338}
}

@InProceedings{Banerjee2002,
  Title                    = {Micromechanics-based prediction of effective elastic 
 properties of polymer bonded explosives},
  Author                   = {Banerjee, B. and Adams, D. O. },
  Booktitle                = {Proc. 6th Intl. Conf. Electrical Transport and Optical 
 Phenomena in Inhomogeneous Materials (ETOPIM6)},
  Year                     = {2002},

  Address                  = {Snowbird, Utah}
}

@Unpublished{Banerjee2002b,
  Title                    = {Application of the generalized method of cells to
 polymer bonded explosives},
  Author                   = {Banerjee, B. and Adams, D. O. },
  Note                     = {To be published. },
  Year                     = {2002}
}

@Unpublished{Banerjee2002c,
  Title                    = {Effective elastic moduli of polymer bonded explosives from
 finite element simulations},
  Author                   = {Banerjee, B. and Adams, D. O. },
  Note                     = {To be published. },
  Year                     = {2002}
}

@Article{Banerjee2003a,
  Title                    = {Micromechanics simulations of glass-estane mock polymer
 bonded explosives},
  Author                   = {Banerjee, B. and Cady, C. M. and Adams, D. O. },
  Journal                  = {Modelling Simul. Mater. Sci. Eng. },
  Year                     = {2003},
  Pages                    = {457--475},
  Volume                   = {11}
}

@InProceedings{Banerjee2000,
  Title                    = {Micromechanical modeling of high energy composites},
  Author                   = {Banerjee, B. and Grutta, J. and Narra, G. and 
 Adams, D. O. },
  Booktitle                = {Proc. SEM IX International Congress and Exposition on 
 Experimental Mechanics},
  Year                     = {2000},

  Address                  = {Orlando, Florida},
  Pages                    = {477--479}
}

@Article{Bard2000,
  Title                    = {The material-point method for granular materials},
  Author                   = {Bardenhagen, S.G. and Brackbill, J.U. and Sulsky, D.},
  Journal                  = {Comput. Methods Appl. Mech. Engrg.},
  Year                     = {2000},
  Pages                    = {529-541},
  Volume                   = {187}
}

@Article{Bard2001,
  Title                    = {An Improved Contact Algorithm for the Material Point Method and Application to Stress Propagation in Granular Material},
  Author                   = {Bardenhagen, S.G. and Guilkey, J.E. and Roessig, K.M. and Brackbill, J.U. and Witzel, W.M. and Foster, J.C.},
  Journal                  = {Computer Modeling in Engineering and Sciences},
  Year                     = {2001},
  Pages                    = {509-522},
  Volume                   = {2}
}

@Article{Bard2001a,
  Title                    = {Energy Conservation Error in the Material Point Method
 for Solid Mechanics},
  Author                   = {S. G. Bardenhagen},
  Journal                  = {J. Comp. Phys. },
  Year                     = {2001},
  Note                     = {submitted}
}

@Article{Bard1998a,
  Title                    = {Dynamic Stress Bridging in Granular Material},
  Author                   = {S. G. Bardenhagen and J. U. Brackbill},
  Journal                  = {J. Appl. Phys. },
  Year                     = {1998},
  Pages                    = {5732-5740},
  Volume                   = {83}
}

@Article{Bard2000a,
  Title                    = {Numerical Study of Stress Distributions in
 Sheared Granular Material in Two Dimensions},
  Author                   = {S. G. Bardenhagen and J. U. Brackbill and D. Sulsky},
  Journal                  = {Phys. Rev. E},
  Year                     = {2000},
  Pages                    = {3882-3890},
  Volume                   = {62}
}

@InProceedings{Bard2000c,
  Title                    = {Shear Deformation in Granular Material},
  Author                   = {S. G. Bardenhagen and J. U. Brackbill and D. L. Sulsky},
  Booktitle                = {Eleventh International Detonation Symposium},
  Year                     = {2000},

  Address                  = {Arlington, VA},
  Pages                    = {547-555},
  Publisher                = {Office of Naval Research},

  Editors                  = {Short and Kennedy}
}

@Article{Bard1998,
  Title                    = {Viscoelastic Models for Explosive Binder Materials},
  Author                   = {S. G. Bardenhagen and E. N. Harstad and P. J. Maudlin and
 G. T. Gray and J. C. Foster},
  Journal                  = {Shock Compression of Condensed Matter -- 1997},
  Year                     = {1998},
  Pages                    = {281-284}
}

@Article{Bard2004,
  Title                    = {The {G}eneralized {I}nterpolation {M}aterial {P}oint {M}ethod},
  Author                   = {S. G. Bardenhagen and E. M. Kober},
  Journal                  = {Comp. Model. Eng. Sci.},
  Year                     = {2004},
  Number                   = {6},
  Pages                    = {477-495},
  Volume                   = {5}
}

@Article{Barker1974,
  Title                    = {Shock wave study of the $\alpha \rightleftarrows \epsilon$
 phase transition in iron},
  Author                   = {Barker, L. M. and Hollenbach, R. E.},
  Journal                  = {J. Appl. Phys.},
  Year                     = {1974},
  Number                   = {11},
  Pages                    = {4872--4887},
  Volume                   = {45}
}

@Article{Barlat2002,
  Title                    = {A simple model for dislocation behavior, strain and 
 strain rate hardening evolution in deforming 
 aluminum alloys},
  Author                   = {Barlat, F. and Glazov, M. V. and Brem, J. C. and
 Lege, D. J.},
  Journal                  = {Int. J. Plasticity},
  Year                     = {2002},
  Pages                    = {919--939},
  Volume                   = {18}
}

@InProceedings{Bartkowski2001,
  Title                    = {Taylor impact experiments of electrified copper and
 aluminum cylinders},
  Author                   = {Bartkowski, P. and Keele, M. and Bruchey, W.},
  Booktitle                = {Proc. 19th International Symposium of Ballistics},
  Year                     = {2001},

  Address                  = {Interlaken, Switzerland},
  Note                     = {Taylor Impact Expt. of OFHC Cu and 6061T6 Al},
  Pages                    = {1577--1584}
}

@Book{Basar2000,
  Title                    = {Nonlinear Continuum Mechanics of Solids},
  Author                   = {Basar, Y. and Weichert, D. },
  Publisher                = {Springer},
  Year                     = {2000},

  Address                  = {Berlin}
}

@Book{Bathe1997,
  Title                    = {Finite Element Procedures},
  Author                   = {Bathe, K. -J. },
  Publisher                = {Prentice-Hall},
  Year                     = {1997},
  Note                     = {p. 338--388}
}

@Book{Batra2006,
  Title                    = {Elements of Continuum Mechanics},
  Author                   = {Batra, R. C.},
  Publisher                = {AIAA},
  Year                     = {2006},

  Address                  = {Reston, VA.}
}

@Article{Batra2001,
  Title                    = {Effect of viscoplastic relations on the instability strain,
 shear band initiation strain, the strain corresponding to
 the minimum shear band spacing, and band width in a 
 thermoviscoplastic materials},
  Author                   = {Batra, R. C. and Chen, L.},
  Journal                  = {Int. J. Plasticity},
  Year                     = {2001},
  Pages                    = {1465--1489},
  Volume                   = {17}
}

@Article{Batra2001a,
  Title                    = {Failure mode transition speeds in an impact loaded 
 prenotched plate with four thermoviscoplastic relations},
  Author                   = {Batra, R. C. and Jaber, N. A.},
  Journal                  = {Int. J. Fracture},
  Year                     = {2001},
  Pages                    = {47--71},
  Volume                   = {110}
}

@Article{Batra1998,
  Title                    = {Adiabatic shear bands in axisymmetric impact and 
 penetration problems},
  Author                   = {Batra, R. C. and Stevens, J. B.},
  Journal                  = {Comput. Methods Appl. Mech. Engrg.},
  Year                     = {1998},
  Pages                    = {325--342},
  Volume                   = {151}
}

@Article{Baumgart2003,
  Title                    = {Imaging coexisting fluid domains in biomembrane models
 coupling curvature and line tension},
  Author                   = {Baumgart, T. and Hess, S. T. and Webb, W. W.},
  Journal                  = {Nature},
  Year                     = {2003},
  Pages                    = {821--824},
  Volume                   = {425}
}

@Article{Bazant1985,
  Title                    = {Wave propagation in a strain-softening bar: {E}xact
 solution},
  Author                   = {Bazant, Z. P. and Belytschko, T.},
  Journal                  = {ASCE J. Engg. Mech},
  Year                     = {1985},
  Number                   = {3},
  Pages                    = {381--389},
  Volume                   = {111}
}

@Article{Becker2002,
  Title                    = {Ring fragmentation predictions using the Gurson model
 with material stability conditions as failure criteria},
  Author                   = {Becker, R. },
  Journal                  = {Int. J. Solids Struct. },
  Year                     = {2002},
  Pages                    = {3555--3580},
  Volume                   = {39}
}

@Article{Bednarcyk2001,
  Title                    = {Micromechanics-based deformation and failure prediction 
 for longitudinally reinforced titanium composites},
  Author                   = {Bednarcyk, B. A. and Arnold, S. M. },
  Journal                  = {Composites Sci. Tech. },
  Year                     = {2001},
  Pages                    = {705--729},
  Volume                   = {61}
}

@TechReport{Bednarcyk1997,
  Title                    = {Micromechanical modeling of woven metal matrix composites},
  Author                   = {Bednarcyk, B. A. and Pindera, M. -J. },
  Institution              = {National Aeronautics and Space Administration},
  Year                     = {1997},

  Address                  = {Lewis Research Center, USA},
  Number                   = {NASA-CR 204153}
}

@Article{Bednarcyk2000,
  Title                    = {Inelastic response of a woven carbon/copper composite - 
 part {II}: micromechanics model},
  Author                   = {Bednarcyk, B. and Pindera, M. -J. },
  Journal                  = {J. Composite Mater. },
  Year                     = {2000},
  Number                   = {4},
  Pages                    = {299--331},
  Volume                   = {34}
}

@Unpublished{Bedrov1999,
  Title                    = {Molecular dynamics simulations of {HMX} crystal polymorphs 
 using a flexing molecule force field},
  Author                   = {Bedrov, D. and Ayyagari, C. and Smith, G. D. },
  Note                     = {Personal communication},
  Year                     = {1999}
}

@Book{Beer1992,
  Title                    = {Mechanics of Materials, Volume 2},
  Author                   = {Beer, F.P. and Johnston, E.R.},
  Publisher                = {McGraw-Hill},
  Year                     = {1992},

  Address                  = {New York}
}

@Article{Beer1985,
  Title                    = {An isoparametric joint/interface element for finite element 
 analysis},
  Author                   = {Beer, G. },
  Journal                  = {Int. J. Num. Meth. Engng. },
  Year                     = {1985},
  Pages                    = {585--600},
  Volume                   = {21}
}

@Book{ref:bejan,
  Title                    = {Advanced Engineering Thermodynamics},
  Author                   = {A. Bejan},
  Publisher                = {John Wiley and Sons},
  Year                     = {1988},

  Address                  = {USA},

  Pages                    = {724-725}
}

@InCollection{Bell1973,
  Title                    = {The experimental foundations of solid mechanics},
  Author                   = {Bell, J. F. },
  Booktitle                = {Handbuck der Physik},
  Publisher                = {Springer-Verlag},
  Year                     = {1973},

  Address                  = {Berlin},
  Pages                    = {226--793},
  Volume                   = {VIa/1}
}

@Article{Belyt2003,
  Title                    = {Dynamic crack propagation based on loss of hyperbolicity
 and a new discontinuous enrichment},
  Author                   = {Belytschko, T. and Chen, H. and Xu, J. and Zi, G.},
  Journal                  = {Int. J. Numer. Meth. Engng.},
  Year                     = {2003},
  Pages                    = {1873--1905},
  Volume                   = {58}
}

@Book{Belyt2000,
  Title                    = {Nonlinear Finite Elements for Continua and Structures},
  Author                   = {Belytschko, T. and Liu, W. K. and Moran, B. },
  Publisher                = {John Wiley and Sons, Ltd. },
  Year                     = {2000},

  Address                  = {New York}
}

@Article{Bennett1998,
  Title                    = {A constitutive model for non-shock ignition and
 mechanical response of high explosives},
  Author                   = {Bennett, J. G. and Haberman, K. S. and Johnson, J. N. and
 Asay, B. W. and Henson, B. F. },
  Journal                  = {J. Mech. Phys. Solids},
  Year                     = {1998},
  Number                   = {12},
  Pages                    = {2303--2322},
  Volume                   = {46}
}

@Article{Benson1998,
  Title                    = {Eulerian Finite Element methods for the Micromechanics of Heterogeneous materials: Dynamic Prioritization of material Interfaces},
  Author                   = {D. J. Benson},
  Journal                  = {Comput. Methods Appl. Mech. Engrg.},
  Year                     = {1998},
  Pages                    = {343-360},
  Volume                   = {151}
}

@Article{Benson1995,
  Title                    = {A Multi-Material {Eulerian} Formulation for the Efficient Solution of Impact and Penetration Problems},
  Author                   = {D. J. Benson},
  Journal                  = {Comput. Mech.},
  Year                     = {1995},
  Pages                    = {558-557},
  Volume                   = {15}
}

@Article{Benson1999,
  Title                    = {Eulerian finite-element simulations of experimentally 
 acquired {HMX} microstructures},
  Author                   = {Benson, D. J. and Conley, P. },
  Journal                  = {Modelling Simul. Mater. Sci. Eng. },
  Year                     = {1999},
  Number                   = {3},
  Pages                    = {333--354},
  Volume                   = {7}
}

@Article{Benson2000,
  Title                    = {An {E}ulerian shell formulation for fluid-structure 
 interaction},
  Author                   = {Benson, D. J. and Stainier, L. },
  Journal                  = {Comput. Methods Appl. Mech. Engrg.},
  Year                     = {2000},
  Pages                    = {571--590},
  Volume                   = {187}
}

@Article{Beran1965,
  Title                    = {Use of classical variational principles to determine bounds 
 for the effective bulk modulus in heterogeneous media},
  Author                   = {Beran, M. and Molyneux, J. },
  Journal                  = {Q. Appl. Math. },
  Year                     = {1965},
  Pages                    = {107--118},
  Volume                   = {24}
}

@Article{Berggren2001,
  Title                    = {On stiffness properties of square honeycombs and other 
 unidirectional composites},
  Author                   = {Berggren, S. A. and Lukkassen, D. and Meidell, A. 
 and Simula, L. },
  Journal                  = {Composites Part B: Engineering},
  Year                     = {2001},
  Number                   = {6},
  Pages                    = {503--511},
  Volume                   = {32}
}

@Article{ref:Berghout2002,
  Title                    = {Combustion of damaged PBX 9501 explosive},
  Author                   = {H.L. Berghout and S.F. Son and C.B. skidmore and D.J. Idar and B.W. Asay},
  Journal                  = {Thermochimica Acta},
  Year                     = {2002},
  Pages                    = {261-277}
}

@Article{Berlyand2001,
  Title                    = {Network approximation in the limit of small interparticle 
 distance of the effective properties of a high-contrast 
 random dispersed composite},
  Author                   = {Berlyand, L. and Kolpakov, A. },
  Journal                  = {Arch. Rational Mech. Anal. },
  Year                     = {2001},
  Pages                    = {179--227},
  Volume                   = {159}
}

@Article{Bernasconi1978,
  Title                    = {Real-space renormalization of bond disordered conductance
 lattices},
  Author                   = {Bernasconi, J. },
  Journal                  = {Physical Review B},
  Year                     = {1978},
  Number                   = {5},
  Pages                    = {2185--2191},
  Volume                   = {18}
}

@InCollection{Berryman1989,
  Title                    = {Estimating effective moduli of composites using 
 quantitative image analysis},
  Author                   = {Berryman, J. G. },
  Booktitle                = {Random Media and Composites},
  Publisher                = {SIAM},
  Year                     = {1989},

  Address                  = {Philadelphia},
  Chapter                  = {1},
  Editor                   = {R. V. Kohn and G. W. Milton},
  Pages                    = {3--12}
}

@Article{Berryman1988a,
  Title                    = {Interpolating and integrating three-point correlation 
 functions on a lattice},
  Author                   = {Berryman, J. G. },
  Journal                  = {J. Comp. Phys. },
  Year                     = {1988},
  Pages                    = {86--102},
  Volume                   = {75}
}

@Article{Berry85,
  Title                    = {Measurement of spatial correlation functions using image 
 processing techniques},
  Author                   = {Berryman, J. G. },
  Journal                  = {J. Appl. Phys. },
  Year                     = {1985},
  Number                   = {7},
  Pages                    = {2374--2384},
  Volume                   = {57}
}

@Article{Berryman1985,
  Title                    = {Measurement of spatial correlation functions using image 
 processing techniques},
  Author                   = {Berryman, J. G. },
  Journal                  = {J. Appl. Phys. },
  Year                     = {1985},
  Number                   = {7},
  Pages                    = {2374--2384},
  Volume                   = {57}
}

@Article{Berryman1996,
  Title                    = {Critique of two explicit schemes for estimating elastic 
 properties of multiphase composites},
  Author                   = {Berryman, J. G. and Berge, P. },
  Journal                  = {Mech. Mater. },
  Year                     = {1996},
  Pages                    = {149--164},
  Volume                   = {22}
}

@Article{Berryman1988,
  Title                    = {Microgeometry of random composites and porous media},
  Author                   = {Berryman, J. G. and Milton, G. W. },
  Journal                  = {J. Phys. D : Appl. Phys},
  Year                     = {1988},
  Pages                    = {87--94},
  Volume                   = {21}
}

@Book{Bertsekas1982a,
  Title                    = {Constrained Optimization and Lagrange Multiplier Methods},
  Author                   = {Bertsekas, DP},
  Publisher                = {Academic Press},
  Year                     = {1982},

  Address                  = {New York}
}

@Book{Bertsekas1982,
  Title                    = {Constrained Optimization and Lagrange Multiplier Methods},
  Author                   = {Bertsekas, D. P. },
  Publisher                = {Academic Press},
  Year                     = {1982},

  Address                  = {New York}
}

@Article{Bhattacharya1999,
  Title                    = {A theory of thin films of martensitic materials with 
 applications to microactuators},
  Author                   = {Bhattacharya, K. and James, R. D.},
  Journal                  = {J. mech. Phys. Solids},
  Year                     = {1999},
  Pages                    = {531--576},
  Volume                   = {47}
}

@MastersThesis{Bhawalkar2006,
  Title                    = {The mechanical threshold stress plasticity model for
 6061-{T}6 aluminum alloy and its numerical validation},
  Author                   = {Bhawalkar, A. },
  School                   = {Department of Mechanical Engineering, University of Utah,
 Salt Lake City, UT, USA},
  Year                     = {2006}
}

@Article{Blatz1962,
  Title                    = {Application of finite elastic theory to the deformation 
 of rubbery materials},
  Author                   = {Blatz, P. J. and Ko, W. L. },
  Journal                  = {Trans. Soc. Rheology},
  Year                     = {1962},
  Pages                    = {223-251},
  Volume                   = {VI},

  Summary                  = {Describes the derivation of the Blatz-Ko material model
 for isotropic compressible rubbery materials. 
 Experimental tests of strip biaxial and equibiaxial
 stretch using a uniaxial materials test machine. }
}

@Article{bloom2006,
  Title                    = {Wave Propagation in Partially Saturated Soils 1},
  Author                   = {F. Bloom},
  Journal                  = {Applied Mechanics Reviews},
  Year                     = {2006},
  Number                   = {4},
  Pages                    = {177--209},
  Volume                   = {59}
}

@Article{Boehler1997,
  Title                    = {Melting curve of aluminum in a diamond cell to 0.8 {M}bar:
 implications for iron},
  Author                   = {Boehler, R. and Ross, M.},
  Journal                  = {Earth and Planetary Science Letters},
  Year                     = {1997},
  Pages                    = {223--227},
  Volume                   = {153}
}

@Article{Bohm2001,
  Title                    = {Comparisons between three-dimensional and two-dimensional 
 multi-particle unit cell models for particle reinforced 
 metal matrix composites},
  Author                   = {Bohm, H. J. and Han, W. },
  Journal                  = {Modelling Simul. Mater. Sci. Eng. },
  Year                     = {2001},
  Pages                    = {47--65},
  Volume                   = {9}
}

@Book{Bonet1997,
  Title                    = {Nonlinear Continuum Mechanics for Finite Element Analysis},
  Author                   = {Bonet, J. and Wood, R. D.},
  Publisher                = {Cambridge University Press},
  Year                     = {1997}
}

@Book{Bonet97,
  Title                    = {Nonlinear Continuum Mechanics for Finite Element Analysis},
  Author                   = {Bonet, J. and Wood, R. D.},
  Publisher                = {Cambridge University Press},
  Year                     = {1997}
}

@Article{borja1991,
  Title                    = {Cam-{Clay} plasticity. {II}: {Implicit} integration of constitutive equation based on a nonlinear elastic stress predictor},
  Author                   = {R. I. Borja},
  Journal                  = {{Computer} {Methods} in {Applied} {Mechanics} and {Engineering}},
  Year                     = {1991},
  Number                   = {2},
  Pages                    = {225--240},
  Volume                   = {88}
}

@Article{borja1990,
  Title                    = {Cam-{Clay} plasticity, {Part} 1: {Implicit} integration of elasto-plastic constitutive relations},
  Author                   = {R. I. Borja and S. R. Lee},
  Journal                  = {Computer Methods in Applied Mechanics and Engineering},
  Year                     = {1990},

  Month                    = jan,
  Number                   = {1},
  Pages                    = {49--72},
  Volume                   = {78}
}

@Article{borja1998,
  Title                    = {Cam-{Clay} plasticity part {III}: {Extension} of the infinitesimal model to include finite strains},
  Author                   = {R. I. Borja and C. Tamagnini},
  Journal                  = {Computer Methods in Applied Mechanics and Engineering},
  Year                     = {1998},

  Month                    = mar,
  Pages                    = {73--95},
  Volume                   = {155}
}

@Article{borja1997,
  Title                    = {Coupling Plasticity and Energy-Conserving Elasticity Models for Clays},
  Author                   = {R. I. Borja and C. Tamagnini and A. Amorosi},
  Journal                  = {Journal of Geotechnical and Geoenvironmental Engineering},
  Year                     = {1997},

  Month                    = oct,
  Number                   = {10},
  Pages                    = {948--957},
  Volume                   = {123}
}

@Article{Borst2003,
  Title                    = {Numerical aspects of cohesive zone models},
  Author                   = {de Borst, R. },
  Journal                  = {Engineering Fracture Mechanics},
  Year                     = {2003},
  Pages                    = {1743--1757},
  Volume                   = {70}
}

@Article{Borst1992,
  Title                    = {Gradient-dependent plasticity: formulation and algorithmic
 aspects},
  Author                   = {de Borst, R. and Muhlhaus, H-B. },
  Journal                  = {Int. J. Numer. Meth. Engrg. },
  Year                     = {1992},
  Pages                    = {521--539},
  Volume                   = {35}
}

@Article{Borvik2001,
  Title                    = {A computational model of viscoplastcity and ductile damage
 for impact and penetration},
  Author                   = {Borvik, T. and Hopperstad, O. S. and Berstad, T. and
 Langseth, M.},
  Journal                  = {Eur. J. Mech. A/Solids},
  Year                     = {2001},
  Pages                    = {685--712},
  Volume                   = {20}
}

@Article{brackbill-ruppel86,
  Title                    = {FLIP: A Low-Dissipation, Particle-In-Cell Method for Fluid Flows in Two Dimensions},
  Author                   = {J.U. Brackbill and H.M. Ruppel},
  Journal                  = {J. Comp. Phys.},
  Year                     = {1986},
  Pages                    = {314-343},
  Volume                   = {65}
}

@Article{Brailsford1972,
  Title                    = {Anharmonicity contributions to dislocation drag},
  Author                   = {Brailsford, A. D.},
  Journal                  = {J. Appl. Phys.},
  Year                     = {1972},
  Number                   = {4},
  Pages                    = {1380--1393},
  Volume                   = {43}
}

@Article{Brailsford1970,
  Title                    = {Phonon component of dislocation drag},
  Author                   = {Brailsford, A. D.},
  Journal                  = {J. Appl. Phys.},
  Year                     = {1970},
  Number                   = {11},
  Pages                    = {4439--4442},
  Volume                   = {41}
}

@Article{Brank2003,
  Title                    = {Dynamics and time-stepping schemes for elastic shells
 undergoing finite rotations},
  Author                   = {Brank, B. and Korelc, J. and Ibrahimbegovic, A. },
  Journal                  = {Computers and Structures},
  Year                     = {2003},
  Pages                    = {1193--1210},
  Volume                   = {81}
}

@Article{Brank2002,
  Title                    = {Nonlinear shell problem formulation accounting for 
 through-the-thickness stretching and its finite element
 implementation},
  Author                   = {Brank, B. and Korelc, J. and Ibrahimbegovic, A. },
  Journal                  = {Computers and Structures},
  Year                     = {2002},
  Pages                    = {699--717},
  Volume                   = {80}
}

@Article{Brannon2010,
  Title                    = {A multi-stage return algorithm for solving the classical damage component of constitutive models for rocks, ceramics, and other rock-like media},
  Author                   = {R. Brannon and S. Leelavanichkul},
  Journal                  = {International Journal of Fracture},
  Year                     = {2010},
  Number                   = {1},
  Pages                    = {133--149},
  Volume                   = {163}
}

@TechReport{Brannon2000,
  Title                    = {The {C}onsistent {K}inetics {P}orosity ({CKP}) model: {A}
 theory for the mechanical behavior of moderately porous
 solids},
  Author                   = {Brannon, R. M.},
  Institution              = {Sandia National Laboratories},
  Year                     = {2000},

  Address                  = {Albuquerque, New Mexico},
  Number                   = {SAND2000-2696},
  Type                     = {Sandia Report}
}

@Article{Brown2000,
  Title                    = {Hugoniot data for iron},
  Author                   = {Brown, J. M. and Fritz, J. N. and Hixson, R. S.},
  Journal                  = {J. Appl. Phys.},
  Year                     = {2000},
  Number                   = {9},
  Pages                    = {5496--5498},
  Volume                   = {88}
}

@Book{Aerospace96,
  Title                    = {Aerospace structural metals handbook: Volume 3: Code 3206},
  Author                   = {Brown, W.F. and Mindlin, H. and Ho, C. Y.},
  Publisher                = {CINDAS/USAF CRDA Handbooks Operation},
  Year                     = {1996},

  Address                  = {Purdue University, West Lafayette, IN.}
}

@Book{ASMH96,
  Title                    = {Aerospace Structural Metals Handbook: Volume 1: Code 1206},
  Author                   = {Brown, W. F. and Mindlin, H. and Ho, C. Y.},
  Publisher                = {CINDAS/USAF CRDA Handbooks Operation},
  Year                     = {1996},

  Address                  = {Purdue University, West Lafayette, IN}
}

@Unpublished{Browning2001,
  Title                    = {Binder/{PBX} 9501 properties},
  Author                   = {Browning, R. },
  Note                     = {Personal communication},
  Year                     = {2001}
}

@Article{Brydon2005,
  Title                    = {Simulation of the Densification of Real Open-Celled Foam Microstructures},
  Author                   = {Brydon, A.D. and Bardenhagen, S.G. and Miller, E.A. and Seidler, G.T.},
  Journal                  = {Journal of the Mechanics and Physics of Solids},
  Year                     = {2005},
  Pages                    = {2638-2660},
  Volume                   = {53}
}

@Article{brydonfoam,
  Title                    = {Simulation of the Densification of Real Open-Celled Foam Microstructures},
  Author                   = {Brydon, A.D. and Bardenhagen, S.G. and Miller, E.A. and Seidler, G.T.},
  Journal                  = {Journal of the Mechanics and Physics of Solids},
  Year                     = {2005},
  Pages                    = {2638-2660},
  Volume                   = {53}
}

@Article{Buehler2006,
  Title                    = {Dynamic fracture instabilities due to local hyperelasticity
 at crack tips},
  Author                   = {Buehler, M. J. and Gao, H.},
  Journal                  = {Nature},
  Year                     = {2006},
  Pages                    = {307--310},
  Volume                   = {439}
}

@Article{Burakovsky2003,
  Title                    = {Analytic model of the shear modulus at all temperatures
 and densities},
  Author                   = {Burakovsky, L. and Greeff, C. W. and Preston, D. L.},
  Journal                  = {Phys. Rev. B},
  Year                     = {2003},
  Pages                    = {094107-1--9},
  Volume                   = {67}
}

@Article{Burakovsky2005,
  Title                    = {Generalized {G}uinan-{S}teinberg formula for the shear 
 modulus at all pressures},
  Author                   = {Burakovsky, L. and Preston, D. L.},
  Journal                  = {Phys. Rev. B},
  Year                     = {2005},
  Pages                    = {184118-1--7},
  Volume                   = {71}
}

@Article{Burakovsky2000,
  Title                    = {Analysis of dislocation mechanism for melting of elements},
  Author                   = {Burakovsky, L. and Preston, D. L.},
  Journal                  = {Solid State Comm.},
  Year                     = {2000},
  Pages                    = {341--345},
  Volume                   = {115}
}

@Article{Burakovsky2000a,
  Title                    = {Melting as a dislocation-mediated phase transition},
  Author                   = {Burakovsky, L. and Preston, D. L. and Silbar, R. R.},
  Journal                  = {Phys. Rev. B},
  Year                     = {2000},
  Number                   = {22},
  Pages                    = {15011--15018},
  Volume                   = {61}
}

@Article{Burakovsky2000b,
  Title                    = {Analysis of dislocation mechanism for melting of elements:
 pressure dependence},
  Author                   = {Burakovsky, L. and Preston, D. L. and Silbar, R. R.},
  Journal                  = {J. Appl. Phys.},
  Year                     = {2000},
  Number                   = {11},
  Pages                    = {6294--6301},
  Volume                   = {88}
}

@Article{Buryachenko2001,
  Title                    = {Multiparticle effective field and related methods in 
 micromechanics of composite materials},
  Author                   = {Buryachenko, V. A. },
  Journal                  = {Appl. Mech. Rev. },
  Year                     = {2001},
  Number                   = {1},
  Pages                    = {1--47},
  Volume                   = {54}
}

@Article{Butcher1964,
  Title                    = {Influence of work-hardening on the dynamic stress-strain 
 curves of 4340 steel},
  Author                   = {Butcher, B. M. and Canon, J. R.},
  Journal                  = {AIAA Journal},
  Year                     = {1964},
  Number                   = {12},
  Pages                    = {2174--2179},
  Volume                   = {2}
}

@Article{Butcher1966,
  Title                    = {Strain-rate effects in metals},
  Author                   = {Butcher, B. M. and Karnes, C. H.},
  Journal                  = {J. Appl. Phys.},
  Year                     = {1966},
  Number                   = {1},
  Pages                    = {402--411},
  Volume                   = {37}
}

@Article{butterfield1979,
  Title                    = {A natural compression law for soils (an advance on e-log p)},
  Author                   = {R. Butterfield},
  Journal                  = {Geotechnique},
  Year                     = {1979},

  Month                    = dec,
  Number                   = {4},
  Volume                   = {29}
}

@Article{ref:schulz_collins_glaz,
  Title                    = {Numerical Solution of the Riemann Problem for Two-Dimensional Gas Dynamics},
  Author                   = {C. W. Schulz-Rinne, J. P. Collins and H. M. Glaz},
  Journal                  = {J. Comput. Phys},
  Year                     = {1993},
  Pages                    = {1394-1414},
  Volume                   = {14}
}

@InProceedings{Cady2000,
  Title                    = {Mechanical properties of plastic-bonded explosive binder 
 materials as a function of strain-rate and temperature},
  Author                   = {Cady, C. M. and Blumenthal, W. R. and Gray III, G. T. and 
 Idar, D. J. },
  Booktitle                = {Proc. Intl. Conf. on Fund. Issues and Appl. of Shock-Wave
 and High-Strain-Rate Phenomena (EXPLOMET 2000)},
  Year                     = {2000},

  Address                  = {Albuquerque, New Mexico}
}

@Article{Cady2001,
  Title                    = {Influence of strain rate on the deformation and fracture 
 response of a 6061-{T}6 {A}l-50 vol. \% {A}l$_2${O}$_3$ 
 continuous-reinforced composite},
  Author                   = {Cady, C. M. and Gray III, G. T. },
  Journal                  = {Material Science and Engineering},
  Year                     = {2001},
  Pages                    = {56--62},
  Volume                   = {A298}
}

@Unpublished{Cady1999,
  Title                    = {Influence of temperature and strain rate on the mechanical 
 behavior of extruded {E}stane and {E}stane/glass 
 composites},
  Author                   = {Cady, C. M. and Gray III, G. T. and Blumenthal, W. R. },
  Note                     = {Personal communication},
  Year                     = {1999}
}

@Book{Caillard2003,
  Title                    = {Thermally Activated Mechanisms in Crystal Plasticity},
  Author                   = {Caillard, D. and Martin, J. L.},
  Publisher                = {Pergamon},
  Year                     = {2003},

  Address                  = {Amsterdam}
}

@Article{callari1998,
  Title                    = {A finite-strain cam-clay model in the framework of multiplicative elasto-plasticity},
  Author                   = {C. Callari and F. Auricchio and E. Sacco},
  Journal                  = {International Journal of Plasticity},
  Year                     = {1998},

  Month                    = dec,
  Number                   = {12},
  Pages                    = {1155--1187},
  Volume                   = {14}
}

@Article{Camacho1997,
  Title                    = {Adaptive {L}agrangian modelling of ballistic penetration
 of metallic targets},
  Author                   = {Camacho, G. T. and Ortiz, M.},
  Journal                  = {Comput. Methods Appl. Mech. Engrg.},
  Year                     = {1997},
  Pages                    = {269--301},
  Volume                   = {142}
}

@Article{Carpinteri2003,
  Title                    = {Cohesive crack model description of ductile to brittle
 size-scale transition: dimensional analysis vs. 
 renormalization group theory},
  Author                   = {Carpinteri, A. and Cornetti, P. and Barpi, F. and
 Valente, S. },
  Journal                  = {Engineering Fracture Mechanics},
  Year                     = {2003},
  Pages                    = {1809--1839},
  Volume                   = {70}
}

@Article{Carrington1948,
  Title                    = {The use of flat-ended projectiles for determining 
 dynamic yield stress {III.} {C}hanges in microstructure
 caused by deformation under impact at high-striking 
 velocities},
  Author                   = {Carrington, W. E. and Gayler, M. L. V},
  Journal                  = {Proc. Royal Soc. London A},
  Year                     = {1948},
  Number                   = {1038},
  Pages                    = {323--331},
  Volume                   = {194}
}

@Article{Celentano2002,
  Title                    = {Thermomechanical analysis of the {T}aylor impact test},
  Author                   = {Celentano, D. J.},
  Journal                  = {J. Appl. Phys.},
  Year                     = {2002},
  Number                   = {6},
  Pages                    = {3675--3686},
  Volume                   = {91}
}

@Book{Chadwick1976,
  Title                    = {Continuum Mechanics: Concise Theory and Problems},
  Author                   = {Chadwick, P.},
  Publisher                = {George Allen and Unwin Ltd.},
  Year                     = {1976},

  Address                  = {London}
}

@Article{Chen1996,
  Title                    = {Constitutive behavior of tantalum and tantalum-tungsten 
 alloys},
  Author                   = {Chen, S. R. and Gray, G. T.},
  Journal                  = {Metall. Mater. Trans. A},
  Year                     = {1996},
  Pages                    = {2994--3006},
  Volume                   = {27A}
}

@Article{Chen1998,
  Title                    = {Micromechanics of rubber-toughened polymers},
  Author                   = {Chen, X. -H. and Mai, Y. -W. },
  Journal                  = {J. Materials Science},
  Year                     = {1998},
  Pages                    = {3529--3539},
  Volume                   = {33}
}

@Article{ChenMai98,
  Title                    = {Micromechanics of rubber-toughened polymers},
  Author                   = {Chen, X. -H. and Mai, Y. -W. },
  Journal                  = {J. Materials Science},
  Year                     = {1998},
  Pages                    = {3529--3539},
  Volume                   = {33}
}

@Article{Cherkaev1992,
  Title                    = {Invariant properties of the stress in plane elasticity
 and equivalence classes of composites},
  Author                   = {Cherkaev, A. V. and Lurie, K. A. and Milton, G. W. },
  Journal                  = {Proc. R. Soc. Lond. A},
  Year                     = {1992},
  Number                   = {1904},
  Pages                    = {519--529},
  Volume                   = {438}
}

@Article{Chhabildas1998,
  Title                    = {A methodology to validated {3D} arbitrary {L}agrangian
 {E}ulerian codes with applications to {ALEGRA}},
  Author                   = {Chhabildas, L. C. and Konrad, C. H. and Mosher, D. A. and
 Reinhart, W. D. and Duggins, B. D. and Trucano, T. G. and
 Summers, R. M. and Peery, J. S.},
  Journal                  = {Int. J. Impact Engrg.},
  Year                     = {1998},
  Pages                    = {101--112},
  Volume                   = {23}
}

@Article{Chi1989,
  Title                    = {The effect of tempering and test temperature on the 
 dynamic fracture initiation behavior of an {AISI} 4340
 {VAR} steel},
  Author                   = {Chi, Y. C. and Lee, S. and Cho, K. and Duffy, J.},
  Journal                  = {Mat. Sci. Eng.},
  Year                     = {1989},
  Pages                    = {105--126},
  Volume                   = {A114}
}

@Article{Christensen1990,
  Title                    = {A critical evaluation for a class of micro-mechanics 
 models},
  Author                   = {Christensen, R. M. },
  Journal                  = {J. Mech. Phys. Solids},
  Year                     = {1990},
  Pages                    = {379--404},
  Volume                   = {38}
}

@Article{Christensen1979,
  Title                    = {Solutions for effective shear properties in three phase 
 sphere and cylinder models},
  Author                   = {Christensen, R. M. and Lo, K. H. },
  Journal                  = {J. Mech. Phys. Solids},
  Year                     = {1979},
  Number                   = {4},
  Pages                    = {315--330},
  Volume                   = {27}
}

@Article{Chu1980,
  Title                    = {Void nucleation effects in biaxially stretched sheets},
  Author                   = {Chu, C. C. and Needleman, A.},
  Journal                  = {ASME J. Engg. Mater. Tech.},
  Year                     = {1980},
  Pages                    = {249--256},
  Volume                   = {102}
}

@InProceedings{Clements2001a,
  Title                    = {Modeling high explosives with the method of cells
 and {M}ori-{T}anaka effective medium theories},
  Author                   = {Clements, B. E. and Mas, E. M. },
  Booktitle                = {Proc. , 12th APS Topical Conference on Shock Compression of 
 Condensed Matter},
  Year                     = {2001},
  Organization             = {American Physical Society},
  Pages                    = {427--430}
}

@InProceedings{Clements2001,
  Title                    = {Investigation of the observed anisotropic fracture in
 steels},
  Author                   = {Clements, B. E. and Mas, E. M. and Gray III, G. T. },
  Booktitle                = {Proc. , 12th APS Topical Conference on Shock Compression of 
 Condensed Matter},
  Year                     = {2001},
  Organization             = {American Physical Society},
  Pages                    = {535--538}
}

@Article{Coleman1961,
  Title                    = {Foundations of linear viscoelasticity},
  Author                   = {Coleman, B. D. and Noll, W. },
  Journal                  = {Rev. Modern Physics},
  Year                     = {1961},
  Number                   = {2},
  Pages                    = {239--249},
  Volume                   = {3}
}

@Book{ASM02,
  Title                    = {American Society of Metals Handbook: Volume 2},
  Author                   = {ASM International Handbook Committee},
  Publisher                = {American Society of Metals},
  Year                     = {2002},

  Address                  = {New York}
}

@Book{Coplien1992,
  Title                    = {Advanced C++ Programming Styles and Idioms},
  Author                   = {Coplien, J. O.},
  Publisher                = {Addison-Wesley},
  Year                     = {1992},

  Address                  = {Reading, MA}
}

@Book{Cormen1990,
  Title                    = {Introduction to Algorithms},
  Author                   = {Cormen, T. H. and Leiserson. C. E. and Rivest, R. L. },
  Publisher                = {McGraw-Hill Book Company},
  Year                     = {1990},

  Address                  = {New York}
}

@Article{Cornec2003,
  Title                    = {On the practical application of the cohesive model},
  Author                   = {Cornec, A. and Scheider, I. and Schwalbe, K-H. },
  Journal                  = {Engineering Fracture Mechanics},
  Year                     = {2003},
  Pages                    = {1963--1987},
  Volume                   = {70}
}

@Article{Costanzo1985,
  Title                    = {On the definitions of effective stress and deformation gradient
 for use in {MD}: {H}ill's macro-homogeneity and the virial
 theorem},
  Author                   = {Costanzo, F. and Gray, G. L. and Andia, P. C.},
  Journal                  = {Int. J. Engg. Sci.},
  Year                     = {1985},
  Pages                    = {533--555},
  Volume                   = {43}
}

@Article{Cottrell1949,
  Title                    = {Dislocation theory of yielding and strain aging of iron},
  Author                   = {Cottrell, A. H. and Bilby, B. A.},
  Journal                  = {Proc. Phys. Soc. London A},
  Year                     = {1949},
  Pages                    = {49--62},
  Volume                   = {62}
}

@Article{Courage1992,
  Title                    = {Effective material parameters for composites with randomly 
 oriented short fibers},
  Author                   = {Courage, W. M. G. and Schreurs, P. J. G. },
  Journal                  = {Computers and Structures},
  Year                     = {1992},
  Number                   = {6},
  Pages                    = {1179--1185},
  Volume                   = {44}
}

@Article{water_model_ref,
  Title                    = {On the Galerkin formulation of the smoothed particle hydrodynamics method},
  Author                   = {Cueto-Felgueroso, L. and Mosqueira, G. and Navarrina, F. and Casteleiro, M.},
  Journal                  = {Int. J. Numer. Meth. Engng},
  Year                     = {2004},
  Pages                    = {1475--1512},
  Volume                   = {60}
}

@Article{Curran1987,
  Title                    = {Dynamic failure of solids},
  Author                   = {Curran, D. R. and Seaman, L.},
  Journal                  = {Physics Reports},
  Year                     = {1987},
  Number                   = {5--6},
  Pages                    = {253--388},
  Volume                   = {147}
}

@Article{dafalias1983,
  Title                    = {Corotational Rates for Kinematic Hardening at Large Plastic Deformations},
  Author                   = {Y. F. Dafalias},
  Journal                  = {Journal of Applied Mechanics},
  Year                     = {1983},
  Number                   = {3},
  Pages                    = {561},
  Volume                   = {50}
}

@Article{dafalias1997,
  Title                    = {A critical state two-surface plasticity model for sands},
  Author                   = {Y. F. Dafalias and M. T. Manzari},
  Journal                  = {Geotechnique},
  Year                     = {1997},

  Month                    = apr,
  Number                   = {2},
  Pages                    = {255--272},
  Volume                   = {47}
}

@Article{Daphalapurkar,
  Title                    = {Simulation of dynamic crack growth using the generalized interpolation material point (GIMP) method},
  Author                   = {Daphalapurkar, N.P. and Lu, H. and Coker, D. and Komanduri, R.},
  Journal                  = {Int. J. Fracture},
  Year                     = {2007},
  Pages                    = {79-102},
  Volume                   = {143}
}

@PhdThesis{Davidson1973,
  Title                    = {The effects of high pressure and temperature environments 
 on the properties of 6061-{T}651 {A}luminum},
  Author                   = {Davidson, P. G. },
  School                   = {Department of mechanical engineering, University of 
 Missouri-Rolls },
  Year                     = {1973},

  Address                  = {Rolla, MO}
}

@Article{Davis1995,
  Title                    = {Finite element modelling of the thermo-mechanical 
 properties of metal-matrix composites},
  Author                   = {Davis, L. C. and Allison, J. E. },
  Year                     = {1995},
  Pages                    = {55--69},

  Booktitle                = {Computational Methods in Micromechanics (ASME) 
 AMD 212/MD 62},
  Editor                   = {S. Ghosh and M. Ostoja-Starzewski}
}

@Article{Day1992,
  Title                    = {The elastic moduli of a sheet containing circular holes},
  Author                   = {Day, A. R. and Snyder, K. A. and Garboczi, E. J. and 
 Thorpe, M. F. },
  Journal                  = {J. Mech. Phys. Solids},
  Year                     = {1992},
  Number                   = {5},
  Pages                    = {1031--1051},
  Volume                   = {40}
}

@Article{Desai1987,
  Title                    = {Thermodynamic properties of aluminum},
  Author                   = {Desai, P. D.},
  Journal                  = {Int. J. Thermophysics},
  Year                     = {1987},
  Number                   = {5},
  Pages                    = {621--638},
  Volume                   = {8}
}

@TechReport{Dick1998,
  Title                    = {Plane impact response of {PBX} 9501 and its components 
 below 2 {GP}a},
  Author                   = {Dick, J. J. and Martinez, A. R. and Hixson, R. X. },
  Institution              = {Los Alamos National Laboratory},
  Year                     = {1998},

  Address                  = {New Mexico},
  Number                   = {LA-13426-MS},
  Type                     = {Report}
}

@Article{Dickson2004,
  Title                    = {Thermal cook-off response of confined PBX 9501},
  Author                   = {Dickson, P. M. and Asay, B. W. and Henson, B. F. and
 Smilowitz, L. B.},
  Journal                  = {Proc. R. Soc. Lond. A},
  Year                     = {2004},
  Pages                    = {3447--3455},
  Volume                   = {460}
}

@TechReport{Dike1997,
  Title                    = {Thermal-mechanical modeling and experimental validation 
 of weld solidification cracking in 6061-{T}6 aluminum},
  Author                   = {Dike, J. J. and Brooks, J. A. and Bammann, D. J. and
 Li, M.},
  Institution              = {Sandia National Laboratories},
  Year                     = {1997},

  Address                  = {Albuquerque, New Mexico},
  Number                   = {SAND-97-8582C }
}

@Article{Dinsdale2004,
  Title                    = {The viscosity of aluminum and its alloys - {A} review
 of data and models},
  Author                   = {Dinsdale, A. T. and Quested, P. N.},
  Journal                  = {J. Materials Science},
  Year                     = {2004},
  Pages                    = {7221--7228},
  Volume                   = {39}
}

@Article{Dobrosavljevic1991,
  Title                    = {Heat capacity and electrical resistivity of copper
 research material for calorimetry},
  Author                   = {Dobrosavljevic, A. S. and Maglic, K. D.},
  Journal                  = {High Temperatures-High Pressures},
  Year                     = {1991},
  Pages                    = {129--133},
  Volume                   = {23}
}

@Article{Dong1996,
  Title                    = {Micromechanics analysis of particulate-reinforced 
 composites and their failure mechanisms},
  Author                   = {Dong, Z. and Wu, Y. },
  Journal                  = {J. Materials Science},
  Year                     = {1996},
  Pages                    = {4401--4405},
  Volume                   = {31}
}

@Article{Drucker1959,
  Title                    = {A definition of stable inelastic material},
  Author                   = {Drucker, D. C.},
  Journal                  = {J. Appl. Mech.},
  Year                     = {1959},
  Pages                    = {101--106},
  Volume                   = {26}
}

@Article{Drugan1996,
  Title                    = {A micromechanics-based nonlocal constitutive equation 
 and estimates of representative volume element size for 
 elastic composites},
  Author                   = {Drugan, W. J. and Willis, J. R. },
  Journal                  = {J. Mech. Phys. Solids},
  Year                     = {1996},
  Number                   = {4},
  Pages                    = {497--524},
  Volume                   = {44}
}

@Article{duncan1970,
  Title                    = {Nonlinear analysis of stress and strain in soils},
  Author                   = {Duncan, J. M. and Chang, C. Y.},
  Journal                  = {Journal of the Soil Mechanics and Foundations Division},
  Year                     = {1970},
  Number                   = {5},
  Pages                    = {1629--1653},
  Volume                   = {96},

  Publisher                = {ASCE}
}

@Article{Duva1996,
  Title                    = {A probabilistic model for damaged composites},
  Author                   = {Duva, J. M. and Aboudi, J. and Herakovich, C. T. },
  Journal                  = {J. Engg. Mater. Tech},
  Year                     = {1996},
  Pages                    = {548--553},
  Volume                   = {118}
}

@Article{Dvorak1993,
  Title                    = {Micromechanics of inelastic composite materials : theory 
 and experiment},
  Author                   = {Dvorak, G. J. },
  Journal                  = {J. Engg. Mater. Tech. },
  Year                     = {1993},
  Pages                    = {327--338},
  Volume                   = {115}
}

@Article{Dyson1996,
  Title                    = {The ridged biaxial testpiece: creep and fracture predictions
 using large-displacement finite-element analyses},
  Author                   = {Dyson, B. F. and Hayhurst, D. R. and Lin, J. },
  Journal                  = {Proc. R. Soc. Lond. A},
  Year                     = {1996},
  Number                   = {1946},
  Pages                    = {655--676},
  Volume                   = {452}
}

@MastersThesis{Eleiche1972,
  Title                    = {Experimental Investigations in the stress-strain 
 Charactesistics of Polycrystalline Metals and 
 Alloys at high Strain-Rates and Elevated Temperatures - 
 Survey},
  Author                   = {Eleiche, A. M. },
  School                   = {Division of Engineering, Brown University},
  Year                     = {1972}
}

@InCollection{ASM02a,
  Title                    = {Structures by precipitation from solid solution},
  Author                   = {Epler, M.},
  Booktitle                = {Metallography and Microstructures. ASM Handbook: Volume 9},
  Publisher                = {ASM International},
  Year                     = {2002},

  Address                  = {New York},
  Pages                    = {134--139}
}

@Article{Erlich1985,
  Title                    = {Determination of dynamic flow curve of metals at ambient
 and elevated temperatures by rod impact techniques},
  Author                   = {Erlich, D. C. and Chartagnac, P.},
  Journal                  = {Journal de Physique},
  Year                     = {1985},
  Pages                    = {C5-455--C5-462},
  Volume                   = {46}
}

@InCollection{Espinosa2000,
  Title                    = {Low-velocity impact testing},
  Author                   = {Espinosa, H. D. and Nemat-Nasser, S.},
  Booktitle                = {ASM Handbook Volume 8},
  Publisher                = {ASM International},
  Year                     = {2000},

  Address                  = {Metals Park},
  Editor                   = {Lampan, S. },
  Pages                    = {539--559}
}

@Article{Estrin1986,
  Title                    = {Local strain hardening and nonuniformity of plastic
 deformation},
  Author                   = {Estrin, Y. and Kubin, L. P.},
  Journal                  = {Acta Metall.},
  Year                     = {1986},
  Number                   = {12},
  Pages                    = {2455--2464},
  Volume                   = {34}
}

@InProceedings{ref:hypre,
  Title                    = {The Design and Implementation of hypre, a Library of Parallel High Performance Preconditioners},
  Author                   = {Falgout, R.D. and Jones, J.E. and Yang, U.M.},
  Booktitle                = {Numerical Solution of Partial Differential Equations on Parallel Computers},
  Year                     = {2006},
  Editor                   = {A.M. Bruaset and A. Tveito},
  Publisher                = {Springer-Verlag},
  Series                   = {Lecture Notes in Computational Science and Engineering}
}

@Article{Falk2001,
  Title                    = {A critical evaluation of cohesive zone models of 
 dynamic fracture},
  Author                   = {Falk, M. L. and Needleman, A. and Rice, J. R.},
  Journal                  = {J. Phys. IV France},
  Year                     = {2001},
  Pages                    = {Pr5-43--Pr5-50},
  Volume                   = {11}
}

@Article{Farren1925,
  Title                    = {The heat developed during plastic extension of metals},
  Author                   = {Farren, W. S. and Taylor, G. I.},
  Journal                  = {Proc. Royal Soc. Lond. A},
  Year                     = {1925},
  Number                   = {743},
  Pages                    = {422--451},
  Volume                   = {107}
}

@Article{Feng1985,
  Title                    = {Position-space renormalization for elastic percolation
 networks with bond-bending forces},
  Author                   = {Feng, S. and Sahimi, M},
  Journal                  = {Physical Review B},
  Year                     = {1985},
  Number                   = {3},
  Pages                    = {1671--1673},
  Volume                   = {31}
}

@Article{Feng1984,
  Title                    = {Percolation in elastic networks: new exponent and
 threshold},
  Author                   = {Feng, S. and Sen, P. N. },
  Journal                  = {Physical Review Letters},
  Year                     = {1984},
  Number                   = {3},
  Pages                    = {216--219},
  Volume                   = {52}
}

@InProceedings{ref:finlinson1,
  Title                    = {HMX and RDX T-burner pressure coupled response at 200, 500, and 1000 psi},
  Author                   = {Finlinson, J.C. and Stalnaker, R. and Blomshield F.S.},
  Year                     = {1999},

  Journal                  = {Proceedings of 36th JANNAF Combustion Meeting}
}

@Unpublished{Fish2005,
  Title                    = {Al 6061-{T}6-elastomer impact simulations},
  Author                   = {Fish, J. and Oskay, C. and Fan, R. and Barsoum, R. },
  Note                     = {Electronic document},
  Year                     = {2005}
}

@Article{Flory1961,
  Title                    = {Thermodynamic relations for high elastic materials},
  Author                   = {Flory, PJ},
  Journal                  = {Trans Faraday Soc},
  Year                     = {1961},
  Pages                    = {829-838},
  Volume                   = {57}
}

@Article{Follans1988,
  Title                    = {A Constitutive Description of the Deformation of copper 
 Based on the Use of the Mechanical Threshold Stress as an 
 Internal State Variable},
  Author                   = {Follansbee, P. S. and Kocks, U. F.},
  Journal                  = {Acta Metall.},
  Year                     = {1988},
  Pages                    = {82--93},
  Volume                   = {36}
}

@Book{Fortin1983,
  Title                    = {Augmented Lagrangian Methods: Applications to the Numerical Solution of Boundary-Value Problems},
  Author                   = {Fortin, M and Glowinski, R},
  Publisher                = {Elsevier Science Publishers},
  Year                     = {1983},

  Address                  = {Amsterdam}
}

@Article{Frost1971,
  Title                    = {Motion of a dislocation acted on by a viscous drag
 through an array of discrete obstacles},
  Author                   = {Frost, H. J. and Ashby, M. F.},
  Journal                  = {J. Appl. Phys.},
  Year                     = {1971},
  Number                   = {13},
  Pages                    = {5273--5279},
  Volume                   = {42}
}

@Article{Fukuhara1993,
  Title                    = {Elastic moduli and internal friction of low carbon and
 stainless steels as a function of temperature},
  Author                   = {Fukuhara, M. and Sanpei, A.},
  Journal                  = {ISIJ International},
  Year                     = {1993},
  Number                   = {4},
  Pages                    = {508--512},
  Volume                   = {33}
}

@Article{fuller2011,
  Title                    = {On the thermodynamic requirement of elastic stiffness anisotropy in isotropic materials},
  Author                   = {Fuller, T. and Brannon, R. M. },
  Journal                  = {International Journal of Engineering Science},
  Year                     = {2011},
  Number                   = {4},
  Pages                    = {311--321},
  Volume                   = {49},

  Publisher                = {Elsevier}
}

@Article{Gan2000,
  Title                    = {A strain-compatible method for micromechanical analysis 
 of multi-phase composites},
  Author                   = {Gan, H. and Orozco, C. E. and Herakovich, C. T. },
  Journal                  = {Int. J. Solids Struct. },
  Year                     = {2000},
  Pages                    = {5097--5122},
  Volume                   = {37}
}

@Article{Gao1998,
  Title                    = {Numerical simulation of crack growth in an isotropic solid 
 with randomized internal cohesive bonds},
  Author                   = {Gao, H. and Klein, P.},
  Journal                  = {J. Mech. Phys. Solids},
  Year                     = {1998},
  Number                   = {2},
  Pages                    = {187--218},
  Volume                   = {46}
}

@Article{gao2010,
  Title                    = {A generalized anisotropic failure criterion for geomaterials},
  Author                   = {Z. Gao and J. Zhao and Y. Yao},
  Journal                  = {International journal of solids and structures},
  Year                     = {2010},
  Pages                    = {3166--3185},
  Volume                   = {47}
}

@Article{Garbozci2001,
  Title                    = {Elastic moduli of a material containing composite 
 inclusions: {E}ffective medium theory and finite element 
 computations},
  Author                   = {Garbozci, E. J. and Berryman, J. G. },
  Journal                  = {Mechanics of Materials},
  Year                     = {2001},
  Number                   = {8},
  Pages                    = {455--470},
  Volume                   = {33}
}

@Article{Garbozci1995,
  Title                    = {An algorithm for computing the effective linear elastic 
 properties of heterogeneous materials : three-dimensional 
 results for composites with equal phase {P}oisson's ratios},
  Author                   = {Garbozci, E. J. and Day, A. R. },
  Journal                  = {J. Mech. Phys. Solids},
  Year                     = {1995},
  Number                   = {9},
  Pages                    = {1349--1362},
  Volume                   = {43}
}

@Book{ref:gathers,
  Title                    = {Selected Topics in Shock Wave Physics and Equation of State Modeling},
  Author                   = {G. R. Gathers},
  Publisher                = {World Scientific},
  Year                     = {1994},

  Address                  = {River Edge, NJ}
}

@Article{Geers2004,
  Title                    = {Finite strain logarithmic hyperelasto-plasticity with 
 softening: a strongly non-local implicit gradient framework},
  Author                   = {Geers, M. G. D.},
  Journal                  = {Comput. Methods Appl. Mech. Engrg. },
  Year                     = {2004},
  Pages                    = {3377--3401},
  Volume                   = {193}
}

@Article{Geers1998,
  Title                    = {Strain-based transient-gradient damage model for failure
 analyses},
  Author                   = {Geers, M. G. D. and de Borst, R. and Brekelmans, W. A. M. 
 and Peerlings, R. H. J. },
  Journal                  = {Comput. Methods Appl. Mech. Engrg. },
  Year                     = {1998},
  Pages                    = {133--153},
  Volume                   = {160}
}

@InCollection{Geers2001,
  Title                    = {On the numerical modeling of ductile damage with an
 implicit gradient enhanced formulation},
  Author                   = {Geers, M. G. D. and Engelen, R. A. B and Ubachs, R. J. M. },
  Booktitle                = {Numerical Modelling in Damage Mechanics},
  Publisher                = {Kogan Page Science},
  Year                     = {2001},

  Address                  = {London},
  Chapter                  = {2},
  Editor                   = {Saanouni, K. },
  Pages                    = {19--38}
}

@Article{Gell-Mann1954,
  Title                    = {Quantum electrodynamics at small distances},
  Author                   = {Gell-Mann, M. and Low, F. E. },
  Journal                  = {Physical Review},
  Year                     = {1954},
  Number                   = {5},
  Pages                    = {1300--1312},
  Volume                   = {95}
}

@InCollection{Ghosh1995,
  Title                    = {Multiple scale elastic-plastic analysis of heterogeneous 
 materials with the {V}oronoi cell finite element model},
  Author                   = {Ghosh, S. and Moorthy, S. and Allison, J. E. },
  Booktitle                = {Computational Methods in Micromechanics AMD 212/MD 62},
  Publisher                = {ASME},
  Year                     = {1995},
  Editor                   = {S. Ghosh and M. Ostoja-Starzewski},
  Pages                    = {87--105}
}

@Article{Ghosh1991,
  Title                    = {A two-dimensional automatic mesh generator for finite 
 element analysis of random composites},
  Author                   = {Ghosh, S. and Mukhopadhyay, S. N. },
  Journal                  = {Computers and Structures},
  Year                     = {1991},
  Number                   = {2},
  Pages                    = {245--256},
  Volume                   = {41}
}

@Book{Gibbs1980,
  Title                    = {LASL Explosive Property Data},
  Author                   = {Gibbs, T. R. and Popolato, A. },
  Publisher                = {Univ. of California Press},
  Year                     = {1980},

  Address                  = {Berkeley, California}
}

@InProceedings{Gilmore2001,
  Title                    = {Dynamic fracture studies using sleeved {T}aylor 
 specimens},
  Author                   = {Gilmore, M. R. and Foster, J. C. and Wilson, L. L.},
  Booktitle                = {Proc. , 12th APS Topical Conference on Shock Compression of 
 Condensed Matter},
  Year                     = {2001},
  Organization             = {American Physical Society},
  Pages                    = {519--522}
}

@Article{Goto2000,
  Title                    = {The mechanical threshold stress constitutive-strength
 model description of {HY}-100 steel},
  Author                   = {Goto, D. M. and Bingert, J. F. and Chen, S. R. and
 Gray, G. T. and Garrett, R. K. },
  Journal                  = {Metallurgical and Materials Transactions A},
  Year                     = {2000},
  Pages                    = {1985--1996},
  Volume                   = {31A}
}

@Article{Goto2000a,
  Title                    = {Anisotropy-corrected {MTS} constitutive strength
 modeling in {HY}-100 steel},
  Author                   = {Goto, D. M. and Bingert, J. F. and Reed, W. R. and
 Garrett, R. K. },
  Journal                  = {Scripta Mater. },
  Year                     = {2000},
  Pages                    = {1125--1131},
  Volume                   = {42}
}

@Article{Govindjee1992,
  Title                    = {Mullins' effect and the strain amplitude dependence 
 of the storage modulus},
  Author                   = {Govindjee, S. and Simo, J. C. },
  Journal                  = {Int. J. Solids Struct. },
  Year                     = {1992},
  Pages                    = {1737--1751},
  Volume                   = {29}
}

@InProceedings{Grady2001,
  Title                    = {Fragmentation of expanding cylinders and the statistical
 theory of {N}. {F}. {M}ott},
  Author                   = {Grady, D. E.},
  Booktitle                = {Proc. , 12th APS Topical Conference on Shock Compression of 
 Condensed Matter},
  Year                     = {2001},
  Organization             = {American Physical Society},
  Pages                    = {799--802}
}

@InCollection{Grady1992,
  Title                    = {Natural fragmentation of exploding cylinders},
  Author                   = {Grady, D. E. and Hightower, M. M.},
  Booktitle                = {Shock-Wave and High-Strain-Rate Phenomena in Materials},
  Publisher                = {Marcel Dekker Inc. },
  Year                     = {1992},

  Address                  = {New York},
  Chapter                  = {65},
  Editor                   = {Meyers, M. A. and Murr, L. E. and Staudhammer, K. P. },
  Pages                    = {713--721}
}

@InProceedings{GrayIII1998,
  Title                    = {High- and low-strain rate compression properties of 
 several energetic material composites as a function of 
 strain rate and temperature},
  Author                   = {Gray III, G. T. and Idar, D. J. and Blumenthal, W. R. 
 and Cady, C. M. and Peterson, P. D. },
  Booktitle                = {Proc. , 11th International Detonation Symposium},
  Year                     = {1998},

  Address                  = {Snowmass, Colorado},
  Pages                    = {76--84}
}

@Book{Green1970,
  Title                    = {Large Elastic Deformations},
  Author                   = {Green, A. E. },
  Publisher                = {Clarendon Press},
  Year                     = {1970},

  Address                  = {Oxford, England}
}

@Book{green1964,
  Title                    = {A general theory of an elastic-plastic continuum},
  Author                   = {A. E. Green and P. M. Naghdi},
  Year                     = {1964},
  Month                    = sep
}

@TechReport{Green1966,
  Title                    = {High strain rate properties of eleven reentry-vehicle 
 materials at elevated temperatures},
  Author                   = {Green, S. J. and Babcock, S. G. },
  Institution              = {DASA},
  Year                     = {1966},
  Note                     = {Part I of Final Report for DASA contract DA-49-149-XZ-322},
  Number                   = {AFFDL-TR-67-35}
}

@Book{Greenberg1978,
  Title                    = {Foundations of Applied Mathematics},
  Author                   = {Greenberg, M. D.},
  Publisher                = {Prentice-Hall Inc.},
  Year                     = {1978},

  Address                  = {Englewood Cliffs, New Jersey}
}

@Article{Greengard1998,
  Title                    = {On the numerical evaluation of elastostatic fields in 
 locally isotropic two-phase composites},
  Author                   = {Greengard, L. and Helsing, J. },
  Journal                  = {J. Mech. Phys. Solids},
  Year                     = {1998},
  Pages                    = {1441--1462},
  Volume                   = {46}
}

@Article{Guedes1990a,
  Title                    = {Preprocessing and postprocessing for materials based on the homogenization method with adaptive finite element solutions},
  Author                   = {Guedes, JM and Kikuchi, N},
  Journal                  = {Comp Meth Appl Mech Eng},
  Year                     = {1990},
  Pages                    = {143-198},
  Volume                   = {83}
}

@Article{Guedes1990,
  Title                    = {Nonlinear computational models for composite materials 
 using homogenization},
  Author                   = {Guedes, J. M. },
  Journal                  = {Ph. D. Dissertation},
  Year                     = {1990},
  Volume                   = {University of Michigan}
}

@Article{fourthmit,
  Title                    = {An Eulerian-Lagrangian Approach for Simulating Explosions of Energetic Devices},
  Author                   = {J.E. Guilkey and T.B. Harman and B. Banerjee},
  Journal                  = {Computers and Structures},
  Year                     = {2007},
  Pages                    = {660-674},
  Volume                   = {85}
}

@Article{Guilkey2005,
  Title                    = {An Eulerian Lagrangian Scheme for Solving Large Deformation
Fluid Structure Interaction Problem},
  Author                   = {Guilkey, J.E. and Harman, T.B. and Kashiwa, B.A. and McMurtry, P.M.},
  Journal                  = {Comput. Methods Appl. Mech. Engrg.},
  Year                     = {Under Review}
}

@Article{Guilkey2006,
  Title                    = {Modeling of multicellular constructs with the Material Point Method},
  Author                   = {Guilkey, J.E. and Hoying, J.B. and Weiss, J.A.},
  Journal                  = {Journal of Biomechanics},
  Year                     = {2006},
  Pages                    = {1},
  Volume                   = {0}
}

@Article{guilkey2007,
  Title                    = {An {E}ulerian--{L}agrangian approach for simulating explosions of energetic devices},
  Author                   = {Guilkey, J. E. and Harman, T. B. and Banerjee, B.},
  Journal                  = {Computers \& structures},
  Year                     = {2007},
  Number                   = {11},
  Pages                    = {660--674},
  Volume                   = {85},

  Publisher                = {Elsevier}
}

@Unpublished{Guilkey04,
  Title                    = {An {E}ulerian-{L}agrangian approach to large deformation
 fluid-structure interaction problems},
  Author                   = {Guilkey, J. E. and Harman, T. B. and Kashiwa, B. A. and
 McMurtry, P. A. },
  Note                     = {Submitted},
  Year                     = {2004}
}

@Article{Guilkey2003,
  Title                    = {Implicit time integration for the material point method:
 {Q}uantitative and algorithmic comparisons with the 
 finite element method},
  Author                   = {Guilkey, J. E. and Weiss, J. A. },
  Journal                  = {Int. J. Numer. Meth. Engng.},
  Year                     = {2003},
  Number                   = {9},
  Pages                    = {1323--1338},
  Volume                   = {57}
}

@Unpublished{Guilkey2002,
  Title                    = {A general membrane formulation for use with the material
 point method},
  Author                   = {Guilkey, J. E. and Weiss, J. A. },
  Note                     = {In preparation. },
  Year                     = {2002}
}

@Article{Guinan1975,
  Title                    = {A simple approach to extrapolating measured
 polycrystalline shear moduli to very high pressure},
  Author                   = {Guinan, M. W. and Steinberg, D. J.},
  Journal                  = {J. Phys. Chem. Solids},
  Year                     = {1975},
  Pages                    = {829--829},
  Volume                   = {36}
}

@Article{Guinan1974,
  Title                    = {Pressure and temperature derivatives of the isotropic
 polycrystalline shear modulus for 65 elements},
  Author                   = {Guinan, M. W. and Steinberg, D. J.},
  Journal                  = {J. Phys. Chem. Solids},
  Year                     = {1974},
  Pages                    = {1501--1512},
  Volume                   = {35}
}

@Article{Guo2004,
  Title                    = {Calculation of J-Integral and Stress Intensity Factors using the Material Point Method},
  Author                   = {Guo, Y. and Nairn, J.A.},
  Journal                  = {Computer Modeling in Engineering and Sciences},
  Year                     = {2004},
  Pages                    = {295-308},
  Volume                   = {6}
}

@Article{GuoNairn,
  Title                    = {Three-dimensional dynamic fracture analysis using the
 material point method},
  Author                   = {Guo, Y and Nairn, JA},
  Journal                  = {Computer Modeling in Engineering and Sciences},
  Year                     = {2004},
  Pages                    = {295-308},
  Volume                   = {6}
}

@Article{Gurson1977,
  Title                    = {Continuum theory of ductile rupture by void nucleation 
 and growth: {P}art 1. {Y}ield criteria and flow rules 
 for porous ductile media},
  Author                   = {Gurson, A. L. },
  Journal                  = {ASME J. Engg. Mater. Tech.},
  Year                     = {1977},
  Pages                    = {2--15},
  Volume                   = {99}
}

@InCollection{Gurtin1972,
  Title                    = {The linear theory of elasticity},
  Author                   = {Gurtin, M. E.},
  Booktitle                = {Encyclopedia of Physics (Handbuch der Physik)},
  Publisher                = {Springer-Verlag},
  Year                     = {1972},

  Address                  = {Berlin},
  Editor                   = {Truesdell, C.},
  Pages                    = {1--295}
}

@Book{Gurtin1981,
  Title                    = {An Introduction to Continuum Mechanics},
  Author                   = {Gurtin, M. E.},
  Publisher                = {Academic Press},
  Year                     = {1981},

  Address                  = {New York}
}

@Article{Gusev1997,
  Title                    = {Representative volume element size for elastic 
 composites : a numerical study},
  Author                   = {Gusev, A. A. },
  Journal                  = {J. Mech. Phys. Solids},
  Year                     = {1997},
  Number                   = {9},
  Pages                    = {1449--1459},
  Volume                   = {45}
}

@Article{Gust1982,
  Title                    = {High impact deformation of metal cylinders at elevated 
 temperatures},
  Author                   = {Gust, W. H. },
  Journal                  = {J. Appl. Phys.},
  Year                     = {1982},
  Number                   = {5},
  Pages                    = {3566--3575},
  Volume                   = {53}
}

@Article{Gust1979,
  Title                    = {Hugoniot parameters to 320 {GP}a for three types of
 steel},
  Author                   = {Gust, W. H. and Steinberg, D. J. and Young, D. A. },
  Journal                  = {High Temp. High Pres.},
  Year                     = {1979},
  Pages                    = {271--280},
  Volume                   = {11}
}

@Article{Hackett2000Viscoscram,
  Title                    = {Implicit finite element material model for energetic particulate composite materials},
  Author                   = {Hackett, R.M. and Bennett, J.G.},
  Journal                  = {International Journal for Numerical Methods in Engineering},
  Year                     = {2000},
  Pages                    = {1191-1209},
  Volume                   = {49}
}

@Article{Hancock1976,
  Title                    = {On the mechanisms of ductile failure in high-strength steels
 subjected to multi-axial stress-states},
  Author                   = {Hancock, J. W. and MacKenzie, A. C.},
  Journal                  = {J. Mech. Phys. Solids},
  Year                     = {1976},
  Pages                    = {147--167},
  Volume                   = {24}
}

@InCollection{Hanson2005,
  Title                    = {Inference about the plastic behavior of materials 
 from experimental data},
  Author                   = {Hanson, K. M.},
  Booktitle                = {Sensitivity Analysis of Model Output},
  Publisher                = {Los Alamos Research Library},
  Year                     = {2005},

  Address                  = {Los Alamos, NM},
  Editor                   = {Hanson, K. M. and Hemez, F. M.},
  Pages                    = {126--136}
}

@Article{Hao1997,
  Title                    = {The {G}urson-{T}vergaard-{N}eedleman model for rate and
 temperature-dependent materials with isotropic and 
 kinematic hardening},
  Author                   = {Hao, S. and Brocks, W.},
  Journal                  = {Computational Mechanics},
  Year                     = {1997},
  Pages                    = {34--40},
  Volume                   = {20}
}

@Article{Hao2000,
  Title                    = {Localization-induced band and cohesive model},
  Author                   = {Hao, S. and Liu, W. K. and Qian, D.},
  Journal                  = {J. Appl. Mech.},
  Year                     = {2000},
  Pages                    = {803--812},
  Volume                   = {67}
}

@Article{harlow1963,
  Title                    = {The particle-in-cell computing method for fluid dynamics},
  Author                   = {Harlow, F.H.},
  Journal                  = {Methods Comput. Phys.},
  Year                     = {1963},
  Pages                    = {319-343},
  Volume                   = {3}
}

@Article{Harlow1975,
  Title                    = {Flow of Interpenetrating Material Phases},
  Author                   = {F.H. Harlow and A.A. Amsden},
  Journal                  = {J. Comp. Phys.},
  Year                     = {1975},
  Pages                    = {440-464},
  Volume                   = {18}
}

@Article{Harlow1968,
  Title                    = {Numerical Calculation of Almost Incompressible Flow},
  Author                   = {F.H. Harlow and A.A. Amsden},
  Journal                  = {J. Comp. Phys.},
  Year                     = {1968},
  Pages                    = {80-93},
  Volume                   = {3}
}

@Article{harlowamsden68,
  Title                    = {Numerical Calculation of Almost Incompressible Flow},
  Author                   = {F.H. Harlow and A.A. Amsden},
  Journal                  = {J. Comp. Phys.},
  Year                     = {1968},
  Pages                    = {80-93},
  Volume                   = {3}
}

@Article{Hartman1964,
  Title                    = {Determination of unloading behavior of uniaxially strained
 6061-{T}6 aluminum from residual strain measurements},
  Author                   = {Hartman, W. F.},
  Journal                  = {J. Appl. Phys.},
  Year                     = {1964},
  Number                   = {7},
  Pages                    = {2090--2096},
  Volume                   = {35}
}

@Article{hashash1992,
  Title                    = {Integration of the modified {Cam}-{Clay} model in non-linear finite element analysis},
  Author                   = {Y. M. A. Hashash and A. J. Whittle},
  Journal                  = {Computers and Geotechnics},
  Year                     = {1992},
  Number                   = {2},
  Pages                    = {59--83},
  Volume                   = {14}
}

@Article{hashiguchi1995,
  Title                    = {On the linear relations of {V}-lnp and lnv-lnp for isotropic consolidation of soils},
  Author                   = {K. Hashiguchi},
  Journal                  = {International Journal for Numerical and Analytical Methods in Geomechanics},
  Year                     = {1995},

  Month                    = may,
  Number                   = {5},
  Pages                    = {367--376},
  Volume                   = {19}
}

@Conference{hashiguchi1977,
  Title                    = {Elasto-Plastic Constitutive Laws of Granular Materials},
  Author                   = {K. Hashiguchi and M. Ueno},
  Year                     = {1977},
  Editor                   = {in: S. Murayama and A. N. Schofield},
  Volume                   = {9},

  Journal                  = {Constitutive Equations of Soils, Proc. Ninth Int. Conf. Soil Mech. Found. Engrg., Specialty Session}
}

@Article{Hashin1979,
  Title                    = {Analysis of properties of fiber composites with 
 anisotropic constituents},
  Author                   = {Hashin, Z. },
  Journal                  = {J. Applied Mechanics},
  Year                     = {1979},
  Pages                    = {543--550},
  Volume                   = {46}
}

@Article{Hashin1962,
  Title                    = {The elastic moduli of heterogeneous materials},
  Author                   = {Hashin, Z. },
  Journal                  = {J. Appl. Mech. },
  Year                     = {1962},
  Pages                    = {143--150},
  Volume                   = {29}
}

@Article{Hashin1964,
  Title                    = {The elastic moduli of fiber-reinforced materials},
  Author                   = {Hashin, Z. and Rosen, B. W. },
  Journal                  = {ASME J. Appl. Mech. },
  Year                     = {1964},
  Pages                    = {223--232},
  Volume                   = {31}
}

@Article{Hashin1963,
  Title                    = {A variational approach to the theory of the elastic 
 behavior of multiphase materials},
  Author                   = {Hashin, Z. and Shtrikman, S. },
  Journal                  = {J. Mech. Phys. Solids},
  Year                     = {1963},
  Pages                    = {127--140},
  Volume                   = {11}
}

@Article{Hassani1998,
  Title                    = {A review of homogenization and topology optimization 1 - 
 homogenization theory for media with periodic structure},
  Author                   = {Hassani, B. and Hinton, E. },
  Journal                  = {Computers and Structures},
  Year                     = {1998},
  Pages                    = {707--717},
  Volume                   = {69}
}

@Article{Hassani1998a,
  Title                    = {A review of homogenization and topology optimization {II} - 
 analytical and numerical solutions of homogenization 
 equations},
  Author                   = {Hassani, B. and Hinton, E. },
  Journal                  = {Computers and Structures},
  Year                     = {1998},
  Pages                    = {719--738},
  Volume                   = {69}
}

@Article{Hawkyard1968,
  Title                    = {The mean dynamic yield strength of copper and low carbon
 steel at elevated temperatures from measurements of the
 ``mushrooming'' of flat-ended projectiles},
  Author                   = {Hawkyard, J. B. and Eaton, D. and Johnson, W.},
  Journal                  = {Int. J. Mech. Sci.},
  Year                     = {1968},
  Pages                    = {929--948},
  Volume                   = {10}
}

@Article{Helsing1995,
  Title                    = {An integral equation method for elastostatics of periodic 
 composites},
  Author                   = {Helsing, J. },
  Journal                  = {J. Mech. Phys. Solids},
  Year                     = {1995},
  Number                   = {6},
  Pages                    = {815--828},
  Volume                   = {43}
}

@Article{Helsing1994,
  Title                    = {Fast and accurate calculations of structural parameters of 
 suspensions},
  Author                   = {Helsing, J. },
  Journal                  = {Proc. R. Soc. Lond. A},
  Year                     = {1994},
  Pages                    = {127--140},
  Volume                   = {445}
}

@Article{Helsing1997,
  Title                    = {Duality relations, correspondences, and numerical results 
 for planar elastic composites},
  Author                   = {Helsing, J. and Milton, G. W. and Movchan, A. B. },
  Journal                  = {J. Mech. Phys. Solids},
  Year                     = {1997},
  Number                   = {4},
  Pages                    = {565--590},
  Volume                   = {45}
}

@Article{Herrmann1992,
  Title                    = {Thermal expansion, transitions, sensitivities and burning 
 rates of {HMX}},
  Author                   = {Herrmann, M. and Engel, W. and Eisenrich, N. },
  Journal                  = {Propellants, Explosives, Pyrotechnics},
  Year                     = {1992},
  Pages                    = {190--195},
  Volume                   = {17}
}

@TechReport{higgins2011,
  Title                    = {A high strain-rate constitutive model for sand with application in finite element analysis},
  Author                   = {W. Higgins and D. Basu},
  Institution              = {Technical Reports},
  Year                     = {2011},
  Month                    = aug,
  Number                   = {2011-4},
  Type                     = {Internal Geotechnical Report}
}

@Article{Hill1984,
  Title                    = {On macroscopic effects of heterogeneity in elastoplastic
 media at finite strain},
  Author                   = {Hill, R.},
  Journal                  = {Math. Proc. Camb. Phil. Soc},
  Year                     = {1984},
  Pages                    = {481--495},
  Volume                   = {95}
}

@Article{Hill1972,
  Title                    = {On constitutive macro-variables for heterogeneous solids 
 at finite strain},
  Author                   = {Hill, R.},
  Journal                  = {Proc. Royal Soc. Lond. A},
  Year                     = {1972},
  Pages                    = {131--147},
  Volume                   = {326}
}

@Article{Hill1964,
  Title                    = {Theory of mechanical properties of fibre-strengthened
 materials: {I}. {E}lastic behavior},
  Author                   = {Hill, R. },
  Journal                  = {J. Mech. Phys. Solids},
  Year                     = {1964},
  Pages                    = {199--212},
  Volume                   = {12}
}

@Article{Hill1963,
  Title                    = {Elastic properties of reinforced solids : some theoretical 
 principles},
  Author                   = {Hill, R. },
  Journal                  = {J. Mech. Phys. Solids},
  Year                     = {1963},
  Pages                    = {357--372},
  Volume                   = {11}
}

@Article{Hill1975,
  Title                    = {Bifurcation phenomena in the plane tension test},
  Author                   = {Hill, R. and Hutchinson, J. W.},
  Journal                  = {J. Mech. Phys. Solids},
  Year                     = {1975},
  Pages                    = {239--264},
  Volume                   = {23}
}

@Manual{Abaqus63,
  Title                    = {Abaqus 6. 3 User Manual},

  Address                  = {www. abaqus. com},
  Author                   = {HKS},
  Organization             = {Hibbitt, Karlsson \& Sorensen, Inc. },
  Year                     = {2003}
}

@Article{Hobart1965,
  Title                    = {Peierls stress dependence on dislocation width},
  Author                   = {Hobart, R.},
  Journal                  = {J. Appl. Phys.},
  Year                     = {1965},
  Number                   = {4},
  Pages                    = {1944--1948},
  Volume                   = {36}
}

@Book{Hockney1988,
  Title                    = {Computer simulations using particles},
  Author                   = {Hockney, R. W.},
  Publisher                = {IOP Publishing},
  Year                     = {1988},

  Address                  = {Bristol},

  Pages                    = {120--165}
}

@Article{Hodowany2000,
  Title                    = {Partition of plastic work into heat and stored energy
 in metals},
  Author                   = {Hodowany, J. and Ravichandran, G. and Rosakis, A. J. and
 Rosakis, P.},
  Journal                  = {Experimental Mechanics},
  Year                     = {2000},
  Number                   = {2},
  Pages                    = {113--123},
  Volume                   = {40}
}

@Article{Hoffman1981,
  Title                    = {Dynamic mechanical and molecular weight measurements on 
 polymer bonded explosives from thermally accelerated 
 aging tests {I}. {F}luoropolymer binders},
  Author                   = {Hoffman, D. M. and Caley, L. E. },
  Journal                  = {Organic Coatings and Plastics Chemistry},
  Year                     = {1981},
  Pages                    = {680--685},
  Volume                   = {44}
}

@Article{Hoge1966,
  Title                    = {Influence of strain rate on mechanical properties of 
 6061-{T}6 aluminum under uniaxial and biaxial states of 
 stress},
  Author                   = {Hoge, K. G. },
  Journal                  = {Experimental Mechanics},
  Year                     = {1966},
  Pages                    = {204--211},
  Volume                   = {6}
}

@Article{Hoge1977,
  Title                    = {The temperature and strain rate dependence of the flow
 stress of tantalum},
  Author                   = {Hoge, K. G. and Mukherjee, A. K.},
  Journal                  = {J. Mater. Sci.},
  Year                     = {1977},
  Pages                    = {1666--1672},
  Volume                   = {12}
}

@Article{Holliday1964,
  Title                    = {Heterogeneity in complex materials and the concept of the 
 representative cell},
  Author                   = {Holliday, L. and Thackray, G. },
  Journal                  = {Nature},
  Year                     = {1964},
  Pages                    = {270--272},
  Volume                   = {201}
}

@Article{Holzapfel1991,
  Title                    = {Equation of state for ideal and real solids under strong 
 compression},
  Author                   = {Holzapfel, W. B.},
  Journal                  = {Europhysics Letters},
  Year                     = {1991},
  Pages                    = {67--72},
  Volume                   = {16}
}

@Article{Holzapfel1991a,
  Title                    = {Equation of state for solids under strong compression},
  Author                   = {Holzapfel, W. B.},
  Journal                  = {High Pressure Research},
  Year                     = {1991},
  Pages                    = {290--293},
  Volume                   = {7}
}

@Article{Homel2015,
  Title                    = {Continuum effective-stress approach for high-rate plastic deformation of fluid-saturated geomaterials with application to shaped-charge jet penetration},
  Author                   = {Homel, M. A. and Guilkey, J. E. and Brannon, R. M.},
  Journal                  = {Acta Mechanica},
  Year                     = {2015},
  Pages                    = {1--32},

  Publisher                = {Springer Vienna}
}

@Article{houlsby1985,
  Title                    = {The use of a variable shear modulus in elastic-plastic models for clays},
  Author                   = {G. T. Houlsby},
  Journal                  = {Computers and Geotechnics},
  Year                     = {1985},
  Number                   = {1},
  Volume                   = {1}
}

@Article{House1995,
  Title                    = {Estimation of the flow stress under high rate plastic 
 deformation},
  Author                   = {House, J. W. and Lewis, J. C. and Gillis, P. P. and
 Wilson, L. L.},
  Journal                  = {Int. J. Impact Engng.},
  Year                     = {1995},
  Number                   = {2},
  Pages                    = {189--200},
  Volume                   = {16}
}

@Article{Hristopulos1999,
  Title                    = {Renormalization group analysis of permeability upscaling},
  Author                   = {Hristopulos, D. T. and Christakos, G. },
  Journal                  = {Environmental Research and Risk Assessment},
  Year                     = {1999},
  Pages                    = {131--160},
  Volume                   = {13}
}

@Article{Hubner1999,
  Title                    = {The importance of micromechanical phenomena in energetic 
 materials},
  Author                   = {Hubner, C. and Geissler, E. and Elsner, P. and Eyerer, P. },
  Journal                  = {Propellants, Explosives, Pyrotechnics},
  Year                     = {1999},
  Pages                    = {119--125},
  Volume                   = {24}
}

@Article{Hughes1980,
  Title                    = {Generalization of selective integration procedures to anisotropic and nonlinear media},
  Author                   = {Hughes, TJR},
  Journal                  = {Int J Numer Methods Eng},
  Year                     = {1980},
  Pages                    = {1413-1418},
  Volume                   = {15}
}

@Article{Huyse2001,
  Title                    = {Random filed modeling of elastic properties using 
 homogenization},
  Author                   = {Huyse, L. and Maes, M. A. },
  Journal                  = {J. Engg. Mech. },
  Year                     = {2001},
  Number                   = {1},
  Pages                    = {27--36},
  Volume                   = {127}
}

@Article{Ibrahimbegovic2001,
  Title                    = {Stress resultant geometrically exact form of classical
 shell model and vector-like parameterization of 
 constrained finite rotations},
  Author                   = {Ibrahimbegovic, A. and Brank, B. and Courtois, P.},
  Journal                  = {Int. J. Numer. Meth. Engng.},
  Year                     = {2001},
  Pages                    = {1235--1252},
  Volume                   = {52}
}

@Article{Jaekel1997,
  Title                    = {Renormalization group analysis of macrodispersion
 in a directed random flow},
  Author                   = {Jaekel, U. and Vereecken, H. },
  Journal                  = {Water Resources Research},
  Year                     = {1997},
  Number                   = {10},
  Pages                    = {2287--2299},
  Volume                   = {33}
}

@Article{Jansen1984,
  Title                    = {Structural properties of ferromagnetic bcc iron: {A} failure
 of the local-spin-density approximation},
  Author                   = {Jansen, H. J. F. and Hathaway, K. B. and Freeman, A. J.},
  Journal                  = {Phys. Rev. B},
  Year                     = {1984},
  Note                     = {Lattice constant for bcc iron},
  Number                   = {10},
  Pages                    = {6177--6179},
  Volume                   = {30}
}

@Article{Jia2004,
  Title                    = {A rigorous assessment of the benefits of 
 miniaturization in the {K}olsky bar system},
  Author                   = {Jia, D. and Ramesh, K. T. },
  Journal                  = {Expt. Mechanics },
  Year                     = {2004},
  Number                   = {5},
  Pages                    = {445--454},
  Volume                   = {44}
}

@Article{Jia1998,
  Title                    = {Modelling the effects of reinforcement distribution on the 
 elastic properties of composite materials},
  Author                   = {Jia, S. and Povirk, G. L. },
  Journal                  = {Modelling Simul. Mater. Sci. Eng. },
  Year                     = {1998},
  Pages                    = {587--602},
  Volume                   = {6}
}

@Article{Jiang2017,
  Title                    = {Anisotropic Elastoplasticity for Cloth, Knit and Hair Frictional Contact},
  Author                   = {Jiang, C. and Gast, T. and Teran, J.},
  Journal                  = {ACM Transactions on Graphics},
  Year                     = {2017},
  Number                   = {4},
  Pages                    = {152:1--152:14},
  Volume                   = {36}
}

@Book{Jikov1994,
  Title                    = {Homogenization of Differential Operators and Integral 
 Functionals},
  Author                   = {Jikov, V. V. and Kozlov, S. M. and Oleinik, O. A. },
  Publisher                = {Springer-Verlag},
  Year                     = {1994},

  Address                  = {Berlin}
}

@Article{Johnson2002,
  Title                    = {An improved generalized particle algorithm that includes
 boundaries and interfaces},
  Author                   = {Johnson, G. R. and Beissel, S. R. and Stryk, R. A.},
  Journal                  = {Int. J. Num. Meth. Engrg.},
  Year                     = {2002},
  Pages                    = {875--904},
  Volume                   = {53}
}

@Article{Johnson1985,
  Title                    = {Fracture characteristics of three metals subjected to
 various strains, strain rates, temperatures and
 pressures},
  Author                   = {Johnson, G. R. and Cook, W. H.},
  Journal                  = {Int. J. Eng. Fract. Mech.},
  Year                     = {1985},
  Pages                    = {31--48},
  Volume                   = {21}
}

@InProceedings{Johnson1983,
  Title                    = {A constitutive model and data for metals subjected to
 large strains, high strain rates and high temperatures},
  Author                   = {Johnson, G. R. and Cook, W. H.},
  Booktitle                = {Proc. 7th International Symposium on Ballistics},
  Year                     = {1983},
  Pages                    = {541--547}
}

@Article{Johnson1988,
  Title                    = {Evaluation of cylinder-impact test data for constitutive
 models},
  Author                   = {Johnson, G. R. and Holmquist, T. J.},
  Journal                  = {J. Appl. Phys.},
  Year                     = {1988},
  Number                   = {8},
  Pages                    = {3901--3910},
  Volume                   = {64}
}

@InProceedings{Johnson2001,
  Title                    = {Conversion of finite elements into meshless particles
 for penetration computations involving ceramic targets},
  Author                   = {Johnson, G. R. and Stryk, R. A. and Beissel, S. R. and
 Holmquist, T. J. },
  Booktitle                = {Proc. , 12th APS Topical Conference on Shock Compression of 
 Condensed Matter},
  Year                     = {2001},
  Organization             = {American Physical Society},
  Pages                    = {1287--1290}
}

@Article{Johnson1988a,
  Title                    = {Tensile plasticity and ductile fracture},
  Author                   = {Johnson, J. N. and Addessio, F. L.},
  Journal                  = {J. Appl. Phys.},
  Year                     = {1988},
  Number                   = {12},
  Pages                    = {6699--6712},
  Volume                   = {64}
}

@Article{Jones1987,
  Title                    = {On the equation of motion of the undeformed section of 
 a {T}aylor impact specimen},
  Author                   = {Jones, S. E. and Gillis, P. P.},
  Journal                  = {J. Appl. Phys.},
  Year                     = {1987},
  Number                   = {2},
  Pages                    = {499--502},
  Volume                   = {61}
}

@MastersThesis{Jonsson2000,
  Title                    = {On the Development of Stable Numerical Algorithms for 
 Solid Mechanics},
  Author                   = {Jonsson, A. },
  School                   = {Department of Solid Mechanics, Royal Institute of 
 Technology, Sweden},
  Year                     = {2000},
  Note                     = {Licentiate Thesis No. 73}
}

@Article{Jun1993,
  Title                    = {Elastic moduli of two-dimensional composites with sliding 
 inclusions - a comparison of effective medium theories},
  Author                   = {Jun, S. and Jasiuk, I. },
  Journal                  = {Int. J. Solids Struct. },
  Year                     = {1993},
  Number                   = {18},
  Pages                    = {2501--2523},
  Volume                   = {30}
}

@Article{Kadanoff1966,
  Author                   = {Kadanoff, L. P. },
  Journal                  = {Physics},
  Year                     = {1966},
  Pages                    = {263},
  Volume                   = {2}
}

@Article{Kaminski2000,
  Title                    = {Perturbation based stochastic finite element method for 
 homogenization of two-phase elastic composites},
  Author                   = {Kami\'{n}ski, M. and Kleiber, M. },
  Journal                  = {Computers and Structures},
  Year                     = {2000},
  Pages                    = {811--826},
  Volume                   = {78}
}

@Article{Kanel2001,
  Title                    = {Dynamic yield and tensile strength of aluminum single
 crystals at temperatures up to the melting point},
  Author                   = {Kanel, G. I. and Razorenov, S. V. and Baumung, K. and
 Singer, J.},
  Journal                  = {J. Appl. Phys.},
  Year                     = {2001},
  Number                   = {1},
  Pages                    = {136--143},
  Volume                   = {90}
}

@TechReport{Kashiwa2000,
  Title                    = {A multifield Model and Method for Fluid-Structure Interaction Dynamics},
  Author                   = {B.A. Kashiwa},
  Institution              = {Los Alamos National Laboratory},
  Year                     = {2001},

  Address                  = {Los Alamos},
  Number                   = {LA-UR-01-1136}
}

@Manual{Kashiwa2002,
  Title                    = {CFDLIB version 02. 1},

  Address                  = {Los Alamos, New Mexico},
  Author                   = {Kashiwa, B. A. and Lewis, M. W},
  Organization             = {Los Alamos National Laboratories},
  Year                     = {2002}
}

@Article{Kashiwa1997,
  Title                    = {Fluid-structure interaction modeling},
  Author                   = {Kashiwa, B. A. and Lewis, M. W},
  Journal                  = {LA-13255-PR},
  Year                     = {1997},
  Pages                    = {283--295},
  Volume                   = {1}
}

@TechReport{Kashiwa1996,
  Title                    = {Fluid-Structure Interaction Modeling},
  Author                   = {B.A. Kashiwa and M.L. Lewis and T.L. Wilson},
  Institution              = {Los Alamos National Laboratory},
  Year                     = {1996},

  Address                  = {Los Alamos},
  Number                   = {LA-13111-PR}
}

@TechReport{Kashiwa1994,
  Title                    = {A Multimaterial Formalism},
  Author                   = {B.A. Kashiwa and R.M. Rauenzahn},
  Institution              = {Los Alamos National Laboratory},
  Year                     = {1994},

  Address                  = {Los Alamos},
  Number                   = {LA-UR-94-771}
}

@TechReport{Kashiwa1994a,
  Title                    = {A Cell-Centered {ICE} Method for Multiphase Flow Simulations},
  Author                   = {B.A. Kashiwa and R.M. Rauenzahn},
  Institution              = {Los Alamos National Laboratory},
  Year                     = {1994},

  Address                  = {Los Alamos},
  Number                   = {LA-UR-93-3922}
}

@TechReport{kashiwaCCICE94,
  Title                    = {A Cell-Centered {ICE} Method for Multiphase Flow Simulations},
  Author                   = {B.A. Kashiwa and R.M. Rauenzahn},
  Institution              = {Los Alamos National Laboratory},
  Year                     = {1994},

  Address                  = {Los Alamos},
  Number                   = {LA-UR-93-3922}
}

@TechReport{kashiwaICE94,
  Title                    = {A Multimaterial Formalism},
  Author                   = {B.A. Kashiwa and R.M. Rauenzahn},
  Institution              = {Los Alamos National Laboratory},
  Year                     = {1994},

  Address                  = {Los Alamos},
  Number                   = {LA-UR-94-771}
}

@Article{Katz1959,
  Title                    = {Hugoniot equation of state of aluminum and steel from
 oblique shock measurements},
  Author                   = {Katz, S. and Doran, D. G. and Curran, D. R.},
  Journal                  = {J. Appl. Phys.},
  Year                     = {1959},
  Number                   = {4},
  Pages                    = {568--576},
  Volume                   = {30}
}

@Article{Key1969,
  Title                    = {A variational principle for incompressible and 
 nearly-incompressible anisotropic elasticity},
  Author                   = {Key, S. W. },
  Journal                  = {Int. J. Solids Struct. },
  Year                     = {1969},
  Pages                    = {951--964},
  Volume                   = {5}
}

@Article{ref:khawamflanagan,
  Title                    = {Basics and application of solid-stat kinetics: A pharmaceutical perspective},
  Author                   = {A. Khawam and D.R. Flanagan},
  Journal                  = {Journal of Pharmaceutical Science},
  Year                     = {2006},
  Pages                    = {472-498},
  Volume                   = {95}
}

@Article{King1989,
  Title                    = {The use of renormalization for calculating effective
 permeability},
  Author                   = {King, P. R. },
  Journal                  = {Transport in Porous Media},
  Year                     = {1989},
  Pages                    = {37--58},
  Volume                   = {4}
}

@Article{Kirkwood1949,
  Title                    = {The statistical mechanical theory of transport processes:
 {III}. {T} coefficients of shear and bulk viscosity of
 liquids},
  Author                   = {Kirkwood, J. G. and Buff, F. P. and Green, M. S.},
  Journal                  = {The J. Chem. Phys.},
  Year                     = {1949},
  Number                   = {19},
  Pages                    = {988--994},
  Volume                   = {17}
}

@Article{Kocks2001,
  Title                    = {Realistic constitutive relations for metal plasticity},
  Author                   = {Kocks, U. F. },
  Journal                  = {Materials Science and Engrg.},
  Year                     = {2001},
  Pages                    = {181--187},
  Volume                   = {A317}
}

@InCollection{Kocks1975,
  Title                    = {Thermodynamics and Kinetics of Slip},
  Author                   = {Kocks, U. F. and Argon, A. S. and Ashby, M. F.},
  Booktitle                = {Progress in Materials Science: Volume 19},
  Publisher                = {Pergamon Press},
  Year                     = {1975},

  Address                  = {Oxford},
  Editor                   = {Chalmers, B. and Christian, J. W. and Massalski, T. B.},
  Pages                    = {1--289}
}

@Article{Krysl1996,
  Title                    = {Analysis of thin shells by the element-free {G}alerkin 
 method},
  Author                   = {Krysl, P. and Belytschko, T.},
  Journal                  = {Int. J. Solids Struct.},
  Year                     = {1996},
  Number                   = {20-22},
  Pages                    = {3057--3080},
  Volume                   = {33}
}

@Article{Kumar1969,
  Title                    = {Viscous drag on dislocations at high strain rates in
 copper},
  Author                   = {Kumar, A. and Kumble, R. G.},
  Journal                  = {J. Appl. Phys.},
  Year                     = {1969},
  Number                   = {9},
  Pages                    = {3475--3480},
  Volume                   = {40}
}

@Article{Kushnevsky1998,
  Title                    = {Identification of effective properties of particle 
 reinforced composite materials},
  Author                   = {Kushnevsky, V. and Morachkovsky, O. and Altenbach, H. },
  Journal                  = {Computational Mechanics},
  Year                     = {1998},
  Pages                    = {317--325},
  Volume                   = {22}
}

@Article{Kwan1999,
  Title                    = {Mesoscopic study of concrete {II}: nonlinear finite element 
 analysis},
  Author                   = {Kwan, A. K. H. and Wang, Z. M. and Chan, H. C. },
  Journal                  = {Computers and Structures},
  Year                     = {1999},
  Pages                    = {545--556},
  Volume                   = {70}
}

@Book{ref:laney,
  Title                    = {Computational Gasdynamics},
  Author                   = {C. B. Laney},
  Publisher                = {Cambridge University Press},
  Year                     = {1998},

  Address                  = {Cambridge}
}

@Article{Larson1961,
  Title                    = {Low temperature flow and fracture tension properties of 
 heat treated {SAE} 4340 steel},
  Author                   = {Larson, F. R. and Nunes, J.},
  Journal                  = {Trans. ASM},
  Year                     = {1961},
  Pages                    = {663--682},
  Volume                   = {53}
}

@Article{Lederman1974,
  Title                    = {Experimental verification of scaling and test of the 
 universality hypothesis from specific heat data},
  Author                   = {Lederman, F. L. and Salamon, M. B. and Shacklette, L. W.},
  Journal                  = {Phys. Rev. B},
  Year                     = {1974},
  Number                   = {7},
  Pages                    = {2981--2988},
  Volume                   = {9}
}

@Article{ref:Lee1980,
  Title                    = {Phenomenological Model of Shock Initiation in Heterogeneouse Explosives},
  Author                   = {E.L. Lee and C.M. Tarver},
  Journal                  = {Physics of Fluids},
  Year                     = {1980},
  Pages                    = {2362-2372}
}

@Article{Lee2000,
  Title                    = {Effect of strain rate on impact response and dislocation 
 substructure of 6061-{T}6 aluminum alloy},
  Author                   = {Lee, W. S. and Shyu, J.C. and Chiou, S. T. },
  Journal                  = {Scripta Materialia},
  Year                     = {2000},
  Pages                    = {51--56},
  Volume                   = {42}
}

@Article{Lee1997,
  Title                    = {The plastic deformation behavior of {AISI} 4340 alloy 
 steel subjected to high temperature and high strain rate
 loading conditions},
  Author                   = {Lee, W-S. and Yeh, G-W.},
  Journal                  = {J. Mater. Proc. Tech.},
  Year                     = {1997},
  Pages                    = {224--234},
  Volume                   = {71}
}

@Article{Leiber2000,
  Title                    = {Aspects of the mesoscale of crystalline explosives},
  Author                   = {Leiber, A. B},
  Journal                  = {Propellants, Explosives, Pyrotechnics},
  Year                     = {2000},
  Pages                    = {288--301},
  Volume                   = {25}
}

@Book{Lekhnitskii1963,
  Title                    = {Theory of Elasticity of an Anisotropic Elastic Body},
  Author                   = {Lekhnitskii, S. G. },
  Publisher                = {Holden-Day Inc. },
  Year                     = {1963},
  Note                     = {p. 28}
}

@TechReport{Lesuer2001,
  Title                    = {Modeling large-strain, high-rate deformation in metals},
  Author                   = {Lesuer, D. R. and Kay, G. J. and LeBlanc, M. M.},
  Institution              = {Lawrence Livermore National Laboratory},
  Year                     = {2001},

  Address                  = {Livermore, CA},
  Note                     = {Johnson-Cook plasticity model for 6061T6 Aluminum},
  Number                   = {UCRL-JC-134118}
}

@InProceedings{Lewis1998,
  Title                    = {Hydrodynamic ram modeling with the immersed boundary
 method},
  Author                   = {Lewis, M. W. and Kashiwa, B. A. and Rauenzahn, R. M. },
  Booktitle                = {Proc. , ASME Pressure Vessels and Piping Conference},
  Year                     = {1998},

  Address                  = {San Diego, California},
  Organization             = {American Society of Mechanical Engineers}
}

@Article{LiShaofan2000,
  Title                    = {Numerical simulations of large deformation of thin shell 
 structures using meshfree methods},
  Author                   = {Li, S. and Hao, W. and Liu, W. K.},
  Journal                  = {Computational Mechanics},
  Year                     = {2000},
  Number                   = {2-3},
  Pages                    = {102--116},
  Volume                   = {25}
}

@Book{Libai1998,
  Title                    = {The Nonlinear Theory of Elastic Shells: 2nd Edition},
  Author                   = {Libai, A. and Simmonds, J. G. },
  Publisher                = {Cambridge University Press},
  Year                     = {1998},

  Address                  = {Cambridge, UK}
}

@Article{ref:Liska_Wendroff,
  Title                    = {Comparison of several difference schemes on 1D and 2D test problems for the Euler Equations},
  Author                   = {R. Liska and B. Wendroff},
  Journal                  = {J. Comput. Phys},
  Year                     = {2003},
  Pages                    = {995-1017},
  Volume                   = {25}
}

@InCollection{Lissenden1996,
  Title                    = {An approximate representation of fiber-matrix debonding 
 in nonperiodic metal matrix composites},
  Author                   = {Lissenden, C. J. },
  Booktitle                = {Damage and Interfacial Debonding in Composites},
  Publisher                = {Elsevier Science Publishers},
  Year                     = {1996},

  Address                  = {Amsterdam},
  Editor                   = {Voyiadjis, G. Z. and Allen, D. H. },
  Pages                    = {189--211}
}

@Article{Long2002,
  Title                    = {Thermal decomposition of a melt-castable high explosive: 
 isoconversional analysis of {TNAZ}},
  Author                   = {Long, G. T. and Wight, C. A. },
  Journal                  = {J. Phys. Chem. B},
  Year                     = {2002},
  Pages                    = {2791--2795},
  Volume                   = {106}
}

@Article{Low1994,
  Title                    = {A micromechanical characterization of graphite-fiber/epoxy 
 composites containing a heterogeneous interphase region},
  Author                   = {Low, B. Y. and Gardner, S. D. and Pittman, C. U. },
  Journal                  = {Composites Sci. Tech. },
  Year                     = {1994},
  Pages                    = {589--606},
  Volume                   = {52}
}

@Article{Lu2001,
  Title                    = {Taylor impact test for ductile materials-{P}art 1: theory},
  Author                   = {Lu, G. and Wang, B. and Zhang, T.},
  Journal                  = {Int. J. Impact Engrg.},
  Year                     = {2001},
  Pages                    = {981--991},
  Volume                   = {25}
}

@Article{Lubliner1986,
  Title                    = {Normality rules in large-deformation plasticity},
  Author                   = {Lubliner, J.},
  Journal                  = {Mechanics of Materials},
  Year                     = {1986},
  Pages                    = {29--34},
  Volume                   = {5}
}

@Article{Lukkassen1995,
  Title                    = {Some engineering and mathematical aspects of the 
 homogenization method},
  Author                   = {Lukkassen, D. and Persson, L. -E. and Wall, P. },
  Journal                  = {Composites Engg. },
  Year                     = {1995},
  Number                   = {5},
  Pages                    = {519--331},
  Volume                   = {5}
}

@Book{Lurie1990,
  Title                    = {Nonlinear Theory of Elasticity},
  Author                   = {Lurie, A. I. },
  Publisher                = {North-Holland},
  Year                     = {1990},

  Address                  = {Amsterdam}
}

@Article{Lush1989,
  Title                    = {An implicit time-integration procedure for a set of 
 internal variable constitutive equations for isotropic
 elasto-viscoplasticity},
  Author                   = {Lush, A. M. and Weber, G. and Anand, L.},
  Journal                  = {Int. J. Plasticity},
  Year                     = {1989},
  Pages                    = {521--549},
  Volume                   = {5}
}

@Article{jinmaCMES2006,
  Title                    = {Structured Mesh Refinement in Generalized Interpolation Material Point Method (GIMP) for Simulation of Dynamic Problems},
  Author                   = {J. Ma and H. Lu and R. Komanduri},
  Journal                  = {Computer Modeling in Engineering and Sciences},
  Year                     = {2006},
  Pages                    = {213-227},
  Volume                   = {12}
}

@Article{MacDonald1981,
  Title                    = {Thermodynamic properties of fcc metals at high 
 temperatures},
  Author                   = {MacDonald, R. A. and MacDonald, W. M.},
  Journal                  = {Physical Review B},
  Year                     = {1981},
  Number                   = {4},
  Pages                    = {1715--1724},
  Volume                   = {24}
}

@Article{MacLeod1996,
  Title                    = {Algorithm 757, {MISCFUN}: {A} software package to compute
 uncommon special functions},
  Author                   = {MacLeod, A.},
  Journal                  = {ACM Transactions on Mathematical Software},
  Year                     = {1996},
  Number                   = {3},
  Pages                    = {288--301},
  Volume                   = {22}
}

@Article{MacNeal1985,
  Title                    = {A proposed standard set of problems to test finite element
 accuracy},
  Author                   = {MacNeal, R. H. and Harder, R. L. },
  Journal                  = {Finite Elements in Analysis and Design},
  Year                     = {1985},
  Pages                    = {3--20},
  Volume                   = {11}
}

@Article{Mahler2001,
  Title                    = {A class of thermo-hyperelastic-viscoplastic models
 for porous materials: theory and numerics},
  Author                   = {Mahler, L. and Ekh, M. and Runesson, K.},
  Journal                  = {Int. J. Plasticity},
  Year                     = {2001},
  Pages                    = {943--969},
  Volume                   = {17}
}

@TechReport{Maker1990,
  Title                    = {NIKE3D: A nonlinear, implicit, three-dimensional finite 
 element code for solid and structural mechanics},
  Author                   = {Maker, B. N. and Ferencz, R. M. and Hallquist J. O. },
  Year                     = {1990},
  Number                   = {UCRL-MA-105268},

  Journal                  = {Lawrence Livermore National Laboratory Technical Report}
}

@Article{Malkus1980,
  Title                    = {Finite elements with penalties in nonlinear elasticity},
  Author                   = {Malkus, D. S. },
  Journal                  = {Int. J. Numer. Methods Eng. },
  Year                     = {1980},
  Pages                    = {121--136},
  Volume                   = {16}
}

@Article{Malkus1978,
  Title                    = {Mixed finite element methods - reduced and selective 
 integration techniques: A unification of concepts},
  Author                   = {Malkus, D. S. and Hughes, T. J. R. },
  Journal                  = {Comp. Meth. Appl. Mech. Eng. },
  Year                     = {1978},
  Pages                    = {63--81},
  Volume                   = {15}
}

@InCollection{Markov2000,
  Title                    = {Elementary micromechanics of heterogeneous media},
  Author                   = {Markov, K. Z. },
  Booktitle                = {Heterogeneous Media : Micromechanics Modeling Methods 
 and Simulations},
  Publisher                = {Birkhauser},
  Year                     = {2000},

  Address                  = {Boston},
  Editor                   = {K. Z. Markov and L. Preziosi},
  Pages                    = {1--162}
}

@Article{Marquart1963,
  Title                    = {An algorithm for least-squares estimation of nonlinear parameters},
  Author                   = {Marquart, D},
  Journal                  = {SIAM Journal of Applied Mathematics},
  Year                     = {1963},
  Pages                    = {431-441},
  Volume                   = {11}
}

@Book{Marsden1993,
  Title                    = {The Mathematical Foundations of Elascitity},
  Author                   = {Marsden, JE and Hughes, TJR},
  Publisher                = {Dover Publications, Inc.},
  Year                     = {1993},

  Address                  = {New York}
}

@Book{Marsh1980,
  Title                    = {LASL Shock Hugoniot Data: Los Alamos series on dynamic 
 material properties},
  Author                   = {Marsh, S. P.},
  Publisher                = {University of California},
  Year                     = {1980},

  Address                  = {Berkeley, CA}
}

@InProceedings{Mas2003,
  Title                    = {Applying image analysis information into models and 
 simulations of the mechanical response of {PBX} 9501},
  Author                   = {Mas, E. and Clements, B. and Schlei, B. },
  Booktitle                = {Proc. , 13th APS Topical Conference on Shock Compression of 
 Condensed Matter},
  Year                     = {2003},

  Address                  = {Portland, Oregon},
  Organization             = {American Physical Society}
}

@InProceedings{Massoni1998,
  Title                    = {A micromechanic model for shock to detonation transition 
 of solid explosives},
  Author                   = {Massoni, J. and Saurel, R. and Demol, G. and Baudin, G. },
  Booktitle                = {Proc. 11th International Detonation Symposium},
  Year                     = {1998},

  Address                  = {Snowmass, Colorado},
  Pages                    = {735--744}
}

@Article{Matthies1979,
  Title                    = {The solution of nonlinear finite element equations},
  Author                   = {Matthies, H and Strang, G},
  Journal                  = {Int J Numer Methods Eng},
  Year                     = {1979},
  Pages                    = {1613-1626},
  Volume                   = {14}
}

@Article{Maudlin1999,
  Title                    = {On the modeling of the {T}aylor cylinder impact test
 for orthotropic textured materials: experiments and
 simulations},
  Author                   = {Maudlin, P. J. and Bingert, J. F. and House, J. W.
 and Chen, S. R.},
  Journal                  = {Int. J. Plasticity},
  Year                     = {1999},
  Pages                    = {139--166},
  Volume                   = {15}
}

@Article{Maudlin1996,
  Title                    = {Computational anisotropic plasticity for high-rate 
 forming applications},
  Author                   = {Maudlin, P. J. and Schiferl, S. K.},
  Journal                  = {Comput. Methods Appl. Mech. Engrg.},
  Year                     = {1996},
  Pages                    = {1--30},
  Volume                   = {131}
}

@Book{Maugin1999,
  Title                    = {The Thermomechanics of Nonlinear Irreversible Behaviors:
 An Introduction},
  Author                   = {Maugin, G. A.},
  Publisher                = {World Scientific},
  Year                     = {1999},

  Address                  = {Singapore}
}

@Book{Maugin99,
  Title                    = {The Thermomechanics of Nonlinear Irreversible Behaviors:
 An Introduction},
  Author                   = {Maugin, G. A.},
  Publisher                = {World Scientific},
  Year                     = {1999},

  Address                  = {Singapore}
}

@InProceedings{McAfee1998,
  Title                    = {Explosive morphology from fractal analysis of micrographs},
  Author                   = {McAfee, J. M. and Skidmore, C. B. and Cunningham, G. S. 
 and Nelson, H. A. },
  Booktitle                = {Proc. , 11th International Detonation Symposium},
  Year                     = {1998},

  Address                  = {Snowmass, Colorado},
  Pages                    = {391--398}
}

@InCollection{McCoy1970,
  Title                    = {On the displacement field in an elastic medium with random 
 variations of material properties},
  Author                   = {McCoy, J. J. },
  Booktitle                = {Recent Advances in Engineering Sciences 5},
  Publisher                = {Gordon and Breach},
  Year                     = {1970},

  Address                  = {New York},
  Pages                    = {235--254}
}

@Article{ref:JWL,
  Title                    = {JWL++: A Simple Reactive Flow Code Package for Detonation},
  Author                   = {P. C. Souers S. Anderson J. Mercer E. McGuire and P. Vitello},
  Journal                  = {Propellants, Explosives, Pyrotechnics},
  Year                     = {2000},
  Pages                    = {54-58},
  Volume                   = {25}
}

@InCollection{McQueen1970,
  Title                    = {The equation of state of solids from shock wave studies},
  Author                   = {McQueen, R. G. and Marsh, S. P. and Taylor, J. W. and
 Fritz, J. N. and Carter, W. J.},
  Booktitle                = {High Velocity Impact Phenomena},
  Publisher                = {Academic Press},
  Year                     = {1970},

  Address                  = {New York},
  Editor                   = {R. Kinslow},
  Pages                    = {294--417}
}

@InProceedings{Menikoff2003,
  Title                    = {Complete EQuation of State for beta-HMX and Implications for Initiation},
  Author                   = {Menikoff, R. and Sewell, T.D.},
  Booktitle                = {APS Topical Conference Shock Compression of Condensed Matter},
  Year                     = {2003},

  Address                  = {Portland, Oregon},
  Organization             = {APS}
}

@InCollection{Meyer1992,
  Title                    = {Constitutive equations a high strain rates},
  Author                   = {Meyer, L. W. },
  Booktitle                = {Shock-Wave and High-Strain-Rate Phenomena in Materials},
  Publisher                = {Marcel Dekker Inc. },
  Year                     = {1992},

  Address                  = {New York},
  Chapter                  = {4},
  Editor                   = {Meyers, M. A. and Murr, L. E. and Staudhammer, K. P. },
  Pages                    = {49--68}
}

@Article{Michel2001,
  Title                    = {A computational scheme for linear and non-linear 
 composites with arbitrary phase contrast},
  Author                   = {Michel, J. C. and Moulinec, H. and Suquet, P. },
  Journal                  = {Int. J. Numer. Meth. Engng. },
  Year                     = {2001},
  Pages                    = {139--160},
  Volume                   = {52}
}

@Article{Michel2000,
  Title                    = {A computational method based on augmented {L}agrangians and 
 fast {F}ourier transforms for composites with high 
 contrast},
  Author                   = {Michel, J. C. and Moulinec, H. and Suquet, P. },
  Journal                  = {Computer Meth. Engg. Sci. },
  Year                     = {2000},
  Number                   = {2},
  Pages                    = {79--88},
  Volume                   = {1}
}

@Article{Miehe1998,
  Title                    = {A formulation of finite elastoplasticity based on dual
 co- and contra-variant eigenvector triads normalized 
 with respect to a plastic metric},
  Author                   = {Miehe, C. },
  Journal                  = {Comput. Methods Appl. Mech. Engrg. },
  Year                     = {1998},
  Pages                    = {223--260},
  Volume                   = {159}
}

@Article{Miller2002,
  Title                    = {The quasicontinuum method: overview, applications and
 current directions},
  Author                   = {Miller, R. E. and Tadmor, E. B.},
  Journal                  = {J. Computer-Aided Materials Design},
  Year                     = {2002},
  Pages                    = {203--239},
  Volume                   = {9}
}

@Article{Millet1997,
  Title                    = {Shear stress measurements in copper, iron, and mild
 steel under shock loading conditions},
  Author                   = {Millet, J. C. F. and Bourne, N. K. and Rosenberg, Z.},
  Journal                  = {J. Appl. Phys.},
  Year                     = {1997},
  Number                   = {6},
  Pages                    = {2579--2583},
  Volume                   = {81}
}

@InCollection{Milton1997,
  Title                    = {Composites : a myriad of microstructure independent 
 relations},
  Author                   = {Milton, G. W. },
  Booktitle                = {Theoretical and Applied Mechanics (Proc. XIX International 
 Congress of Theoretical and Applied Mechanics, Kyoto, 
 1996)},
  Publisher                = {Elsevier},
  Year                     = {1997},

  Address                  = {Amsterdam},
  Editor                   = {Tatsumi, T. and Watanabe, E. and Kambe, T. },
  Pages                    = {443--459}
}

@Article{Milton2007,
  Title                    = {New metamaterials with macroscopic behavior outside that of
 continuum elastodynamics},
  Author                   = {Milton, G. W.},
  Journal                  = {New Journal of Physics},
  Year                     = {2007},
  Pages                    = {359},
  Volume                   = {9}
}

@Book{Milton2002,
  Title                    = {Theory of Composites},
  Author                   = {Milton, G. W. },
  Publisher                = {Cambridge University Press},
  Year                     = {2002},

  Address                  = {New York}
}

@Article{Milton1981,
  Title                    = {Bounds on the electromagnetic, elastic and other 
 properties of two-component composites},
  Author                   = {Milton, G. W. },
  Journal                  = {Phys. Rev. Lett. },
  Year                     = {1981},
  Number                   = {8},
  Pages                    = {542--545},
  Volume                   = {46}
}

@Article{Mishnaevsky1999a,
  Title                    = {Computational mesomechanics of particle-reinforced 
 composites},
  Author                   = {Mishnaevsky, L. and Dong, M. and Honle, S. and 
 Schmauder, S. },
  Journal                  = {Computational Materials Science},
  Year                     = {1999},
  Pages                    = {133--143},
  Volume                   = {16}
}

@Article{Mishnaevsky2001,
  Title                    = {Continuum mesomechanical finite element modeling in 
 materials development: {A} state-of-the-art review},
  Author                   = {Mishnaevsky, L. L. and Schmauder, S. },
  Journal                  = {Appl. Mech. Rev. },
  Year                     = {2001},
  Number                   = {1},
  Pages                    = {49--66},
  Volume                   = {54}
}

@Article{Mishnaevsky1999,
  Title                    = {Advanced finite element techniques of analysis of the 
 microstructure-mechanical properties relationships in 
 heterogeneous materials : a review},
  Author                   = {Mishnaevsky, L. L. and Schmauder, S. },
  Journal                  = {Physical Mesomechanics},
  Year                     = {1999},
  Number                   = {3},
  Pages                    = {5--20},
  Volume                   = {2}
}

@Article{Mitchell1981,
  Title                    = {Shock compression of aluminum, copper, and tantalum},
  Author                   = {Mitchell, A. C. and Nellis, W. J.},
  Journal                  = {J. Appl. Phys.},
  Year                     = {1981},
  Number                   = {5},
  Pages                    = {3363--3374},
  Volume                   = {52}
}

@Article{Mitchell1991,
  Title                    = {Equation of state of {A}l, {C}u, {M}o, and {P}b at shock
 pressures up to 2.4 {TP}a (24 {M}bar)},
  Author                   = {Mitchell, A. C. and Nellis, W. J. and Moriarty, J. A. and
 Hienle, N. C. and Holmes, R. E. and Tipton, R. E. and
 Repp, G. W.},
  Journal                  = {J. Appl. Phys.},
  Year                     = {1991},
  Number                   = {5},
  Pages                    = {2981--2986},
  Volume                   = {69}
}

@Book{Moelwyn-Hughes1961,
  Title                    = {Physical Chemistry: 2nd Edition},
  Author                   = {Moelwyn-Hughes, E. A.},
  Publisher                = {Pergamon},
  Year                     = {1961},

  Address                  = {Oxford}
}

@Article{Mooney1940,
  Title                    = {A theory of large elastic deformation},
  Author                   = {Mooney, M},
  Journal                  = {J Appl Phys},
  Year                     = {1940},
  Pages                    = {582-592},
  Volume                   = {11}
}

@Article{Moran1990,
  Title                    = {Formulation of implicit finite element methods for 
 multiplicative finite deformation plasticity},
  Author                   = {Moran, B. and Ortiz, M. and Shih, C. H.},
  Journal                  = {Int. J. Numer. Methods Engrg.},
  Year                     = {1990},
  Pages                    = {483--514},
  Volume                   = {29}
}

@Article{mortara2010,
  Title                    = {A yield criterion for isotropic and cross-anisotropic cohesive-frictional materials},
  Author                   = {G. Mortara},
  Journal                  = {International Journal for Numerical and Analytical Methods in Geomechanics},
  Year                     = {2010},
  Number                   = {9},
  Pages                    = {953--977},
  Volume                   = {34}
}

@Article{Moulinec1998,
  Title                    = {A numerical method for computing the overall response of 
 nonlinear composites with complex microstructure},
  Author                   = {Moulinec, H. and Suquet, P. },
  Journal                  = {Comput. Methods Appl. Mech. Engrg. },
  Year                     = {1998},
  Pages                    = {69--94},
  Volume                   = {157}
}

@Article{Murnaghan1944,
  Title                    = {The compressibility of media under extreme pressures},
  Author                   = {Murnaghan, F. D.},
  Journal                  = {Proc. Natl. Acad. Sci.},
  Year                     = {1944},
  Pages                    = {244--247},
  Volume                   = {30}
}

@Article{Nacar1989,
  Title                    = {A finite element method for analyzing localization 
 in rate dependent solids at finite strain},
  Author                   = {Nacar, A. and Needleman, A. and Ortiz, M.},
  Journal                  = {Comp. Meth. Appl. Mech. Eng. },
  Year                     = {1989},
  Pages                    = {235--258},
  Volume                   = {73}
}

@Article{Nadal2003,
  Title                    = {Continuous model for the shear modulus as a function 
 of pressure and temperature up to the melting point:
 analysis and ultrasonic validation},
  Author                   = {Nadal, M.-H. and Le Poac, P.},
  Journal                  = {J. Appl. Phys.},
  Year                     = {2003},
  Number                   = {5},
  Pages                    = {2472--2480},
  Volume                   = {93}
}

@InCollection{Nadgornyi1988,
  Title                    = {Dislocation Dynamics and Mechanical Properties of Crystals},
  Author                   = {Nadgornyi, E.},
  Booktitle                = {Progress in Materials Science: Volume 31},
  Publisher                = {Pergamon Press},
  Year                     = {1988},

  Address                  = {Oxford},
  Editor                   = {Christian, J. W. and Haasen, P. and Massalski, T. B.},
  Pages                    = {1--530}
}

@InCollection{Naghdi1963,
  Title                    = {Foundations of elastic shell theory},
  Author                   = {Naghdi, P. M. },
  Booktitle                = {Progess in Solid Mechanics - Volume IV},
  Publisher                = {North-Holland},
  Year                     = {1963},

  Address                  = {Amsterdam},
  Editor                   = {Sneddon, I. N. and Hill, R.},
  Pages                    = {1--90}
}

@Article{Nagtegaal1974,
  Title                    = {On numerically accurate finite element solutions in the fully plastic range},
  Author                   = {Nagtegaal, JC and Parks, DM and Rice, JR},
  Journal                  = {Comp Meth Appl Mech Eng},
  Year                     = {1974},
  Pages                    = {153-177},
  Volume                   = {4}
}

@Article{Nakamura1993,
  Title                    = {Effects of thermal residual stresses and fiber packing 
 on deformation of metal-matrix composites},
  Author                   = {Nakamura, T. and Suresh, S. },
  Journal                  = {Acta Metallurgica et Materialia},
  Year                     = {1993},
  Number                   = {6},
  Pages                    = {1665--1681},
  Volume                   = {41}
}

@Article{Neal1976,
  Title                    = {Dynamic determinations of the {G}runeisen coefficient in 
 aluminum and aluminum alloys for densities up to 
 6 Mg/m$^3$ },
  Author                   = {Neal, T. },
  Journal                  = {Phys. Rev. B},
  Year                     = {1976},
  Number                   = {12},
  Pages                    = {5172--5181},
  Volume                   = {14}
}

@Book{Nemat2004,
  Title                    = {Plasticity: A Treatise on Finite Deformation of 
 Heteogeneous Inelastic Materials},
  Author                   = {Nemat-Nasser, S.},
  Publisher                = {Cambridge University Press},
  Year                     = {2004},

  Address                  = {Cambridge}
}

@Article{Nemat1999,
  Title                    = {Averaging theorems in finite deformation plasticity},
  Author                   = {Nemat-Nasser, S.},
  Journal                  = {Mechanics of Materials},
  Year                     = {1999},
  Pages                    = {493--523},
  Volume                   = {31}
}

@Article{Nemat1991,
  Title                    = {Rate-independent finite-deformation elastoplasticity:
 a new explicit constitutive algorithm},
  Author                   = {Nemat-Nasser, S.},
  Journal                  = {Mech. Mater.},
  Year                     = {1991},
  Pages                    = {235--249},
  Volume                   = {11}
}

@Article{Nemat1992,
  Title                    = {An explicit constitutive algorithm for large-strain,
 large-strain-rate elastic-viscoplasticity},
  Author                   = {Nemat-Nasser, S. and Chung, D. -T.},
  Journal                  = {Comput. Meth. Appl. Mech. Engrg},
  Year                     = {1992},
  Number                   = {2},
  Pages                    = {205--219},
  Volume                   = {95}
}

@Book{Nemat1993,
  Title                    = {Micromechanics : Overall Properties of Heterogeneous 
 Materials},
  Author                   = {Nemat-Nasser, S. and Hori, M. },
  Publisher                = {North-Holland},
  Year                     = {1993},

  Address                  = {Amsterdam}
}

@Article{Neubert1963,
  Title                    = {A simple model representing internal damping in solid 
 materials},
  Author                   = {Neubert, H. K. P. },
  Journal                  = {Aeronautical Quarterly},
  Year                     = {1963},
  Pages                    = {187--210},
  Volume                   = {14}
}

@Article{Newmark1959,
  Title                    = {A method of computation for structural dynamics},
  Author                   = {Newmark, N. M. },
  Journal                  = {ASCE J. Eng. Mech. Div. },
  Year                     = {1959},
  Pages                    = {67--94},
  Volume                   = {85}
}

@Article{Ng1969,
  Title                    = {Chebyshev polynomial expansion of Bose-Einstein functions
 of order 1 to 10},
  Author                   = {Ng, E. W. and Devine, C. J. and Tooper, R. F.},
  Journal                  = {Mathematics of Computation},
  Year                     = {1969},
  Number                   = {107},
  Pages                    = {639--643},
  Volume                   = {23}
}

@Article{Nicholas1981,
  Title                    = {Tensile testing of materials at high rates of strain},
  Author                   = {Nicholas, T.},
  Journal                  = {Experimental Mechanics},
  Year                     = {1981},
  Pages                    = {117--185},
  Volume                   = {21}
}

@Article{nowacki1992,
  Title                    = {Theoretical and numerical analysis of dynamic compacting of soil around a spherical source of explosion},
  Author                   = {W. K. Nowacki and B. Raniecki},
  Journal                  = {Computers and Structures},
  Year                     = {1992},
  Pages                    = {381--387},
  Volume                   = {44}
}

@InProceedings{Oberkampf2002,
  Title                    = {Verification, validation, and predictive capability
 in computational engineering and physics},
  Author                   = {Oberkampf, W. L. and Trucano, T. G. and Hirsch, C.},
  Booktitle                = {Verfification and Validation for Modeling and Simulation
 in Computational Science and Engineering Applications},
  Year                     = {2002},

  Address                  = {Johns Hopkins University, Laurel, Maryland},
  Publisher                = {Foundations for Verfification and Validation in the
 21st Century Workshop}
}

@Article{Oden1982,
  Title                    = {Finite element methods for constrained problems in 
 elasticity},
  Author                   = {Oden, J. T. and Kikuchi, N. },
  Journal                  = {Int. J. Numer. Methods Eng. },
  Year                     = {1982},
  Pages                    = {701--725},
  Volume                   = {18}
}

@Article{Ogawa2001,
  Title                    = {Impact tensile characteristics of 6061-{T}6 
 aluminum alloy},
  Author                   = {Ogawa, K. },
  Journal                  = {Journal of Japan Institute of Light Metals },
  Year                     = {2001},
  Number                   = {3},
  Pages                    = {175--181},
  Volume                   = {51}
}

@Article{Orozco1997,
  Title                    = {Computational aspects of modeling complex microstructure 
 composites using {GMC}},
  Author                   = {Orozco, C. E. },
  Journal                  = {Composites Part B},
  Year                     = {1997},
  Pages                    = {167--175},
  Volume                   = {28B}
}

@Article{Ortiz1999,
  Title                    = {Finite-deformation irreversible cohesive elements for
 three-dimensional crack-propagation analysis},
  Author                   = {Ortiz, M. and Pandolfi, A.},
  Journal                  = {Int. J. Num. Meth. Engrg.},
  Year                     = {1999},
  Pages                    = {1267--1282},
  Volume                   = {44}
}

@TechReport{Osborne1977,
  Title                    = {Research Material 5, Copper Heat Capacity Specimen},
  Author                   = {Osborne, D. W. and Kirby, R. K.},
  Institution              = {National Bureau of Standards},
  Year                     = {1977},

  Address                  = {Gaithersburg, MD},
  Number                   = {Report of Investigation}
}

@Article{Ostoja-Starzewski1999,
  Title                    = {Microstructural disorder, mesoscale finite elements and 
 macroscopic response},
  Author                   = {Ostoja-Starzewski, M. },
  Journal                  = {Proc. R. Soc. Lond. A},
  Year                     = {1999},
  Pages                    = {3189--3199},
  Volume                   = {455}
}

@Article{Ostoja-Starzewski1993,
  Title                    = {Micromechanics as a basis of random elastic continuum 
 approximations},
  Author                   = {Ostoja-Starzewski, M. },
  Journal                  = {Probabilistic Engg. Mech. },
  Year                     = {1993},
  Pages                    = {107--114},
  Volume                   = {8}
}

@InCollection{Ostoja-Starzewski1995,
  Title                    = {Parallel finite difference methods for multiscale material 
 problems},
  Author                   = {Ostoja-Starzewski, M. and Schulte, J. },
  Booktitle                = {Computational Methods in Micromechanics AMD 212/MD 62},
  Publisher                = {ASME},
  Year                     = {1995},
  Editor                   = {S. Ghosh and M. Ostoja-Starzewski},
  Pages                    = {71--79}
}

@Article{Ostoja-Starzewski1994,
  Title                    = {Influence of random geometry on effective properties and 
 damage formation in composite materials},
  Author                   = {Ostoja-Starzewski, M. and Sheng, P. Y. and Jasiuk, I. },
  Journal                  = {J. Engg. Mat. Tech. },
  Year                     = {1994},
  Pages                    = {384--391},
  Volume                   = {116}
}

@Article{Overton1955,
  Title                    = {Temperature variation of the elastic constants of cubic
 elements. {I}. {C}opper},
  Author                   = {Overton, W. C. and Gaffney, J.},
  Journal                  = {Physical Review},
  Year                     = {1955},
  Number                   = {4},
  Pages                    = {969--977},
  Volume                   = {98}
}

@Article{Paley1992,
  Title                    = {Micromechanical analysis of composites by the generalized 
 cells model},
  Author                   = {Paley, M. and Aboudi, J. },
  Journal                  = {Mechanics of Materials},
  Year                     = {1992},
  Pages                    = {127--139},
  Volume                   = {14}
}

@Article{Pan1998,
  Title                    = {Boundary element analysis for composite materials and a 
 library of {G}reen's functions},
  Author                   = {Pan, L. and Adams, D. O. and Rizzo, F. J. },
  Journal                  = {Computers and Structures},
  Year                     = {1998},
  Number                   = {5},
  Pages                    = {685--693},
  Volume                   = {66}
}

@Article{Papathanasiou1994,
  Title                    = {The effective elastic modulus of fiber-reinforced 
 composites},
  Author                   = {Papathanasiou, T. D. and Ingber, M. S. and Mondy, L. A. 
 and Graham, A. L. },
  Journal                  = {J. Comp. Mat. },
  Year                     = {1994},
  Number                   = {4},
  Pages                    = {288--304},
  Volume                   = {28}
}

@Article{Pardoen2000,
  Title                    = {An extended model for void growth and coalescence},
  Author                   = {Pardoen, T. and Hutchinson, J. W.},
  Journal                  = {J. Mech. Phys. Solids},
  Year                     = {2000},
  Pages                    = {2467--2512},
  Volume                   = {48}
}

@Article{Parker1961,
  Title                    = {Flash method of determining thermal diffusivity, heat
 capacity, and thermal conductivity},
  Author                   = {Parker, W. J. and Jenkins, R. J. and Butler, C. P. and
 Abbott, G. L.},
  Journal                  = {J. Appl. Phys.},
  Year                     = {1961},
  Number                   = {9},
  Pages                    = {1679--1684},
  Volume                   = {32}
}

@Article{Pecullan1999,
  Title                    = {Scale effects on the elastic behavior of periodic and 
 hierarchical two-dimensional composites},
  Author                   = {Pecullan, S. and Gibiansky, L. V. and Torquato, S. },
  Journal                  = {J. Mech. Phys. Solids},
  Year                     = {1999},
  Pages                    = {1509--1542},
  Volume                   = {47}
}

@InCollection{Perzyna1993,
  Title                    = {Constitutive equations for thermoinelasticity and instability
 phenomena in thermodynamic flow processes},
  Author                   = {Perzyna, P.},
  Booktitle                = {Progress in Computational Analysis of Inelastic Structures:
 CISM Courses and Lectures No. 321},
  Publisher                = {Springer-Verlag-Wien},
  Year                     = {1993},

  Address                  = {New York},
  Editor                   = {Stein E.},
  Pages                    = {1--78}
}

@InCollection{Perzyna1998,
  Title                    = {Constitutive modelling of dissipative solids for 
 localization and fracture},
  Author                   = {Perzyna, P.},
  Booktitle                = {Localization and Fracture Phenomena in Inelastic Solids:
 CISM Courses and Lectures No. 386},
  Publisher                = {SpringerWien},
  Year                     = {1998},

  Address                  = {New York},
  Editor                   = {Perzyna P.},
  Pages                    = {99--241}
}

@InCollection{perzyna1966,
  Title                    = {Fundamental Problems in Viscoplasticity},
  Author                   = {P. Perzyna},
  Booktitle                = {Advances in Applied Mechanics},
  Year                     = {1966},
  Pages                    = {243--377},
  Volume                   = {Volume}
}

@Article{perzyna1963,
  Title                    = {The constitutive equations for rate sensitive plastic materials},
  Author                   = {P. Perzyna},
  Journal                  = {Quarterly of Applied Mathematics},
  Year                     = {1963},
  Number                   = {4},
  Pages                    = {321--332},
  Volume                   = {20}
}

@Article{ref:Peterson2012,
  Title                    = {An Eulerian-Lagrangian computational model for deflagration and detonation of high explosives},
  Author                   = {J.R. Peterson and C.A. Wight},
  Journal                  = {Combustion and Flame},
  Year                     = {2012},
  Pages                    = {2491-2499}
}

@Article{pietruszczak2002,
  Title                    = {{Modelling} of inherent anisotropy in sedimentary rocks},
  Author                   = {S. Pietruszczak and D. Lydzba and J. Shao},
  Journal                  = {{International} {Journal} of {Solids} and {Structures}},
  Year                     = {2002},

  Month                    = feb,
  Number                   = {3},
  Pages                    = {637--648},
  Volume                   = {39}
}

@Article{Pindera1999,
  Title                    = {An efficient implementation of the generalized method of 
 cells for unidirectional, multi-phased composites with 
 complex microstructures},
  Author                   = {Pindera, M. -J. and Bednarcyk, B. A. },
  Journal                  = {Composites: Part B},
  Year                     = {1999},
  Pages                    = {87--105},
  Volume                   = {30}
}

@TechReport{Pindera1997,
  Title                    = {An efficient implementation of the {GMC} micromechanics 
 model for multi-phased materials with complex 
 microstructures},
  Author                   = {Pindera, M. -J. and Bednarcyk, B. A. },
  Institution              = {National Aeronautics and Space Administration},
  Year                     = {1997},

  Address                  = {Lewis Research Center, USA},
  Number                   = {NASA-CR 202350}
}

@Article{Pipkin1968,
  Title                    = {A non-linear integral representation for viscoelastic 
 behavior},
  Author                   = {Pipkin, A. C. and Rogers, T. G. },
  Journal                  = {J. Mech. Phys. Solids},
  Year                     = {1968},
  Pages                    = {59--74},
  Volume                   = {16}
}

@Article{Planas2003,
  Title                    = {Generalizations and specializations of cohesive crack
 models},
  Author                   = {Planas, J. and Elices, M. and Guinea, G. V. and Gomez, F. J. 
 and Cendon, D. A. and Arbilla, I. },
  Journal                  = {Engineering Fracture Mechanics},
  Year                     = {2003},
  Pages                    = {1759--1776},
  Volume                   = {70}
}

@Book{Poirier1991,
  Title                    = {Introduction to the Physics of the Earth's Interior},
  Author                   = {Poirier, J.-P},
  Publisher                = {Cambridge University Press},
  Year                     = {1991},

  Address                  = {Cambridge, UK}
}

@Article{Poutet1996,
  Title                    = {The effective mechanical properties of random porous
 media},
  Author                   = {Poutet, J. and Manzoni, D. and Hage-Chehade, F. and
 Jacquin, C. J. and Bouteca, M. J. and Thovert, J. -F. 
 and Adler, P. M. },
  Journal                  = {J. Mech. Phys. Solids},
  Year                     = {1996},
  Number                   = {10},
  Pages                    = {1587--1620},
  Volume                   = {44}
}

@Article{Preston2003,
  Title                    = {Model of plastic deformation for extreme loading 
 conditions},
  Author                   = {Preston, D. L. and Tonks, D. L. and Wallace, D. C.},
  Journal                  = {J. Appl. Phys.},
  Year                     = {2003},
  Number                   = {1},
  Pages                    = {211--220},
  Volume                   = {93}
}

@Article{Puchi-Cabrera2001,
  Title                    = {On the mechanical threshold stress of aluminum: {E}ffect
 of the alloying content},
  Author                   = {Puchi-Cabrera, E. S. and Villabos-Guti{\'{e}}rres, C. and
 Castro-Fari{\~{n}}as, G.},
  Journal                  = {ASME J. Engg. Mater. Tech.},
  Year                     = {2001},

  Month                    = {April},
  Pages                    = {155--161},
  Volume                   = {123}
}

@Article{Puso1998,
  Title                    = {Finite element implementation of anisotropic quasilinear
 viscoelasticity},
  Author                   = {Puso, M. A. and Weiss, J. A. },
  Journal                  = {ASME J. Biomech. Eng. },
  Year                     = {1998},
  Number                   = {1},
  Pages                    = {62--70},
  Volume                   = {120}
}

@Article{Quinney1937,
  Title                    = {The emission of latent energy due to previous cold working
 when a metal is heated},
  Author                   = {Quinney, H. and Taylor, G. I.},
  Journal                  = {Proc. Royal Soc. Lond. A},
  Year                     = {1937},
  Number                   = {913},
  Pages                    = {157--181},
  Volume                   = {163}
}

@InProceedings{Rae1998,
  Title                    = {Studies of the failure mechanisms of polymer-bonded 
 explosives by high resolution {M}oire interferometry and 
 environmental scanning electron microscopy},
  Author                   = {Rae, P. J. and Goldrein, H. T. and Palmer, S. J. P. and 
 Field, J. E. and Lewis, A. L. },
  Booktitle                = {Proc. , 11th International Detonation Symposium},
  Year                     = {1998},

  Address                  = {Snowmass, Colorado},
  Pages                    = {66--75}
}

@Article{Rae2002,
  Title                    = {Quasistatic studies of the deformation and failure 
 of $\beta$-{HMX} based polymer bonded explosives},
  Author                   = {Rae, P. J. and Golrein, H. T. and Palmer, S. J. P. 
 and Field, J. E. and Lewis, A. L. },
  Journal                  = {Proc. R. Soc. Lond. A},
  Year                     = {2002},
  Pages                    = {743--762},
  Volume                   = {458}
}

@InCollection{Raftenberg1992,
  Title                    = {{RHA} plate penetration by a shaped-charge jet:
 experiment and hydrocode simulation},
  Author                   = {Raftenberg, M. N. and Karuse, C. D. },
  Booktitle                = {Shock-Wave and High-Strain-Rate Phenomena in Materials},
  Publisher                = {Marcel Dekker Inc. },
  Year                     = {1992},

  Address                  = {New York},
  Chapter                  = {50},
  Editor                   = {Meyers, M. A. and Murr, L. E. and Staudhammer, K. P. },
  Pages                    = {555--564}
}

@Article{Rajagopal1992,
  Title                    = {A constitutive equation for nonlinear solids which undergo deformation induced microstructural changes},
  Author                   = {Rajagopal, KR and Wineman, AS},
  Journal                  = {Intl J Plasticity},
  Year                     = {1992},
  Pages                    = {385-395},
  Volume                   = {8}
}

@Article{Rajeswari1988,
  Title                    = {Continuous-cooling method of specific heat measurement
 in the temperature range 100-300{K}},
  Author                   = {Rajeswari, M. and Ramshesha, S. K. and Raychaudhuri, A. K.},
  Journal                  = {J. Phys. E: Sci. Instrum.},
  Year                     = {1988},
  Pages                    = {1017--1022},
  Volume                   = {21}
}

@Article{Ramakrishnan1996,
  Title                    = {A generalized plane strain technique for estimating 
 effective properties of particulate metal matrix composites 
 using {FEM}},
  Author                   = {Ramakrishnan, N. and Kumar, A. M. and Radhakrishna 
 Bhat, B. V. },
  Journal                  = {J. Materials Science},
  Year                     = {1996},
  Pages                    = {3507--3512},
  Volume                   = {31}
}

@Article{Ramaswamy1998,
  Title                    = {Finite element implementation of gradient plasticity
 models {P}art {I}: {G}radient-dependent yield functions},
  Author                   = {Ramaswamy, S. and Aravas, N. },
  Journal                  = {Comput. Methods Appl. Mech. Engrg. },
  Year                     = {1998},
  Pages                    = {11--32},
  Volume                   = {163}
}

@Article{Ramaswamy1998a,
  Title                    = {Finite element implementation of gradient plasticity
 models {P}art {II}: {G}radient-dependent evolution 
 equations},
  Author                   = {Ramaswamy, S. and Aravas, N. },
  Journal                  = {Comput. Methods Appl. Mech. Engrg. },
  Year                     = {1998},
  Pages                    = {33--53},
  Volume                   = {163}
}

@Article{Rao1982,
  Title                    = {Flow curves and deformation of materials at different
 temperatures and strain rates},
  Author                   = {Rao, K. P. and Doraivelu, S. M. and Gopinathan, V.},
  Journal                  = {J. Mechanical Working Tech.},
  Year                     = {1982},
  Pages                    = {63--88},
  Volume                   = {6}
}

@InProceedings{Ravi2001,
  Title                    = {On the conversion of plastic work into heat during 
 high-strain-rate deformation},
  Author                   = {Ravichandran, G. and Rosakis, A. J. and Hodowany, J. and
 Rosakis, P.},
  Booktitle                = {Proc. , 12th APS Topical Conference on Shock Compression of 
 Condensed Matter},
  Year                     = {2001},
  Organization             = {American Physical Society},
  Pages                    = {557--562}
}

@Article{Renard2000,
  Title                    = {A fast algorithm for the estimation of equivalent hydraulic 
 conductivity of heterogeneous media},
  Author                   = {Renard, P. and Le Loch, G. and Ledoux, E. and de Marsily, G. 
 and Mackay, R. },
  Journal                  = {Water Resources Research},
  Year                     = {2000},
  Number                   = {12},
  Pages                    = {3567--3580},
  Volume                   = {36}
}

@Article{Rivlin1987,
  Title                    = {The description of material symmetry in materials with memory},
  Author                   = {Rivlin, RS and Smith, GF},
  Journal                  = {Int J Solids Structures},
  Year                     = {1987},
  Pages                    = {325-334},
  Volume                   = {23}
}

@Article{Rizzo1968,
  Title                    = {A formulation and solution procedure for the general 
 non-homogeneous inclusion problem},
  Author                   = {Rizzo, F. J. and Shippy, D. J. },
  Journal                  = {Int. J. Solids Struct. },
  Year                     = {1968},
  Pages                    = {1161--1179},
  Volume                   = {4}
}

@Article{Roberts2002,
  Title                    = {Computation of the linear elastic properties of random 
 porous materials with a wide variety of microstructure},
  Author                   = {Roberts, A. P. and Garboczi, E. J. },
  Journal                  = {Proc. R. Soc. Lond. A},
  Year                     = {2002},
  Pages                    = {1033--1054},
  Volume                   = {458}
}

@Article{Robertson1994,
  Title                    = {Micromechanical analysis of metal matrix composite 
 laminates with fiber/matrix interfacial damage},
  Author                   = {Robertson, D. D. and Mall, S. },
  Journal                  = {Composites Engineering},
  Year                     = {1994},
  Number                   = {12},
  Pages                    = {1257--1274},
  Volume                   = {4}
}

@Article{Robertson1993,
  Title                    = {Micromechanical relations for fiber-reinforced composites 
 using the free transverse shear approach},
  Author                   = {Robertson, D. D. and Mall, S. },
  Journal                  = {J. Composites Tech. Research},
  Year                     = {1993},
  Number                   = {3},
  Pages                    = {181--192},
  Volume                   = {15}
}

@Article{rosa1999,
  Title                    = {Constitutive model for high speed tillage using narrow tools},
  Author                   = {Rosa, U. A. and Wulfsohn, D.},
  Journal                  = {Journal of Terramechanics},
  Year                     = {1999},
  Number                   = {4},
  Pages                    = {221--234},
  Volume                   = {36},

  Publisher                = {Elsevier}
}

@Article{Rosakis2000,
  Title                    = {A thermodynamic internal variable model for the partition
 of plastic work into heat and stored energy in metals},
  Author                   = {Rosakis, P. and Rosakis, A. J. and Ravichandran, G.
 and Hodowany, J.},
  Journal                  = {J. Mech. Phys. Solids},
  Year                     = {2000},
  Pages                    = {581--607},
  Volume                   = {48}
}

@Book{roscoe1968,
  Title                    = {On the generalized stress-strain behavior of wet clay},
  Author                   = {K. H. Roscoe and J. B. Burland},
  Year                     = {1968}
}

@Article{roscoe1963,
  Title                    = {Mechanical behaviour of an idealized wet clay},
  Author                   = {K. H. Roscoe and A. N. Schofield},
  Journal                  = {presented at the Proc. 2nd Eur. Conf SMFE, Wiesbaden},
  Year                     = {1963},
  Pages                    = {47--54},
  Volume                   = {1}
}

@Article{Rosen1970,
  Title                    = {Effective thermal expansion coefficients and specific 
 heats of composite materials},
  Author                   = {Rosen, B. W. and Hashin, Z. },
  Journal                  = {Int. J. Engng. Sci. },
  Year                     = {1970},
  Pages                    = {157--173},
  Volume                   = {8}
}

@Article{Rosenberg1986,
  Title                    = {A new technique for heating specimens in 
 split-{H}opkinson-bar
 experiments using induction-coil heaters},
  Author                   = {Rosenberg, Z. and Dawicke, D. and Strader, E. 
 and Bless, S.J. },
  Journal                  = {Exp. Mechanics },
  Year                     = {1986},
  Number                   = {3},
  Pages                    = {157--173},
  Volume                   = {26}
}

@Article{rouainia2000,
  Title                    = {An implicit constitutive algorithm for finite strain {Cam}-clay elasto-plastic model},
  Author                   = {M. Rouainia and D. Muir Wood},
  Journal                  = {Mechanics of Cohesive-frictional Materials},
  Year                     = {2000},
  Number                   = {6},
  Pages                    = {469--489},
  Volume                   = {5}
}

@Article{Roux1986,
  Title                    = {Relation between elastic and scalar transport exponent
 in percolation},
  Author                   = {Roux, S},
  Journal                  = {J. Phys. A: Math. Gen. },
  Year                     = {1986},
  Pages                    = {L351--L356},
  Volume                   = {19}
}

@Article{Rudnicki1975,
  Title                    = {Conditions for the localization of deformation in 
 pressure-sensitive dilatant materials},
  Author                   = {Rudnicki, J. W. and Rice, J. R.},
  Journal                  = {J. Mech. Phys. Solids},
  Year                     = {1975},
  Pages                    = {371--394},
  Volume                   = {23}
}

@Book{ref:Saad,
  Title                    = {Compressible Fluid Flow},
  Author                   = {M. A. Saad},
  Publisher                = {Prentice-Hall},
  Year                     = {1985},

  Address                  = {New Jersey}
}

@Article{Sab1992,
  Title                    = {On the homogenization and the simulation of random 
 materials},
  Author                   = {Sab, K. },
  Journal                  = {European J. Mech. , A/Solids},
  Year                     = {1992},
  Number                   = {5},
  Pages                    = {585--607},
  Volume                   = {11}
}

@Book{sahdegardi2012,
  Title                    = {Development and implementation of {Arenisca} a simplified geomodel, in {Uintah}},
  Author                   = {A. Sahdegardi},
  Publisher                = { {Computational} {Solid} {Mechanics}, {University} of {Utah}},
  Year                     = {2012}
}

@Article{Sakino2006,
  Title                    = {Strain rate dependence of dynamic flow stress considering
 viscous drag for 6061 aluminum alloy at high strain rates},
  Author                   = {Sakino, K.},
  Journal                  = {J. Phys. IV France},
  Year                     = {2006},
  Pages                    = {183--189},
  Volume                   = {134}
}

@Book{Salughter2002,
  Title                    = {The Linearized Theory of Elasticity},
  Author                   = {Salughter, W. S.},
  Publisher                = {Birhhauser},
  Year                     = {2002},

  Address                  = {Boston}
}

@Article{Samanta1971,
  Title                    = {Dynamic deformation of aluminium and copper at 
 elevated temperatures},
  Author                   = {Samanta, S. K. },
  Journal                  = {J. Mech. Phys. Solids},
  Year                     = {1971},
  Pages                    = {117--135},
  Volume                   = {19}
}

@MastersThesis{Sankurathri1995,
  Title                    = {The Effect of Fiber Architecture on the Response of 
 MMCs with Internal Damage},
  Author                   = {Sankurathri, A. },
  School                   = {University of Virginia},
  Year                     = {1995}
}

@InCollection{Sankurathri1996,
  Title                    = {The effect of fiber architecture on the inelastic 
 response of metal matrix composites
 with interfacial and fiber damage},
  Author                   = {Sankurathri, A. and Baxter, S. and Pindera, M. -J. },
  Booktitle                = {Damage and Interfacial Debonding in Composites},
  Publisher                = {Elsevier Science Publishers},
  Year                     = {1996},

  Address                  = {Amsterdam},
  Editor                   = {Voyiadjis, G. Z. and Allen, D. H. },
  Pages                    = {235--257}
}

@Article{Scheidler2001,
  Title                    = {A continuum framework for finite viscoplasticity},
  Author                   = {Scheidler, M. and Wright, T. W. },
  Journal                  = {Int. J. Plasticity. },
  Year                     = {2001},
  Pages                    = {1033--1085},
  Volume                   = {17}
}

@Article{Schoenfeld2003,
  Title                    = {A failure criterion based on material instability},
  Author                   = {Schoenfeld, S. E. and Wright, T. W. },
  Journal                  = {Int. J. Solids Struct. },
  Year                     = {2003},
  Pages                    = {3021--3037},
  Volume                   = {40}
}

@Book{schofield1968,
  Title                    = {Critical state soil mechanics},
  Author                   = {A. N. Schofield and P. Wroth},
  Publisher                = {McGraw-Hill},
  Year                     = {1968}
}

@Book{Schreyer1997,
  Title                    = {Lecture Notes in Plate Theory},
  Author                   = {Schreyer, H. L. },
  Publisher                = {University of New Mexico},
  Year                     = {1997},

  Address                  = {Albuquerque}
}

@Article{Schreyer2005,
  Title                    = {Thermodynamically consistent relations involving plasticity,
 internal energy and thermal effects},
  Author                   = {Schreyer, H. L. and Maudlin, P. J.},
  Journal                  = {Phil. Trans. R. Soc. A},
  Year                     = {2005},
  Pages                    = {2517--2541},
  Volume                   = {363}
}

@Article{schweiger2009,
  Title                    = {A multilaminate framework for modelling induced and inherent anisotropy of soils},
  Author                   = {H. F. Schweiger and F. Scharinger and C. Wiltafsky and V. Galavi},
  Journal                  = {Géotechnique},
  Year                     = {2009},

  Month                    = jan,
  Number                   = {2},
  Pages                    = {87--101},
  Volume                   = {59}
}

@InProceedings{Seaman2001,
  Title                    = {Inertia and temperature effects in void growth},
  Author                   = {Seaman, L. and Curran, D. R.},
  Booktitle                = {Proc. , 12th APS Topical Conference on Shock Compression of 
 Condensed Matter},
  Year                     = {2001},
  Organization             = {American Physical Society},
  Pages                    = {607--610}
}

@Article{ref:vyazovkinwight,
  Title                    = {Isothermal and Nonisothermal reaction Kinetics in Solids: In Search of Ways toward Consensus},
  Author                   = {V. Sergey and C.A. Wight},
  Journal                  = {Journal of Physical Chemistry A},
  Year                     = {1997},
  Pages                    = {8279-8284},
  Volume                   = {101}
}

@Unpublished{Sewell1999,
  Title                    = {Elastic coefficients and sound speeds for {HMX} polymorphs 
 from molecular dynamics simulations},
  Author                   = {Sewell, T. D. and Menikoff, R. },
  Note                     = {Personal communication},
  Year                     = {1999}
}

@Article{Shacklette1974,
  Title                    = {Specific heat and resistivity of iron near its {C}urie
 point},
  Author                   = {Shacklette, L. W.},
  Journal                  = {Phys. Rev. B},
  Year                     = {1974},
  Number                   = {9},
  Pages                    = {3789--3792},
  Volume                   = {9}
}

@Article{Shah1986,
  Title                    = {Effective transport properties of disordered multi-phase 
 composites: application of real-space renormalization
 group theory},
  Author                   = {Shah, N. and Ottino, J. M. },
  Journal                  = {Chemical Engineering Science},
  Year                     = {1986},
  Number                   = {2},
  Pages                    = {283--296},
  Volume                   = {41}
}

@Article{Shi1992,
  Title                    = {An {FEM} study of the plastic deformation of whisker 
 reinforced {SiC/Al} composites},
  Author                   = {Shi, N. and Wilner, B. and Arsenault, R. J. },
  Journal                  = {Acta Metallurgica et Materialia},
  Year                     = {1992},
  Number                   = {11},
  Pages                    = {2841--2854},
  Volume                   = {40}
}

@Article{Simha1999,
  Title                    = {Edge effects on the propagation of phase boundaries},
  Author                   = {Simha, N. K. and Bhattacharya, K.},
  Journal                  = {Materials Science and Engrg.},
  Year                     = {1999},
  Pages                    = {241--244},
  Volume                   = {A273-275}
}

@Article{Simo1987a,
  Title                    = {On a fully three-dimensional finite-strain viscoelastic damage model: {F}ormulation and computational aspects},
  Author                   = {Simo, JC},
  Journal                  = {Comp Meth Appl Mech Eng},
  Year                     = {1987},
  Pages                    = {153-173},
  Volume                   = {60}
}

@Book{Simo1998,
  Title                    = {Computational Inelasticity},
  Author                   = {Simo, JC and Hughes, TJR},
  Publisher                = {Springer-Verlag},
  Year                     = {1998},

  Address                  = {New York}
}

@Article{Simo1986a,
  Title                    = {On the variational foundations of assumed strain methods},
  Author                   = {Simo, JC and Hughes, TJR},
  Journal                  = {ASME J Appl Mech},
  Year                     = {1986},
  Pages                    = {51-54},
  Volume                   = {53}
}

@Article{Simo1991a,
  Title                    = {Quasi-incompressible finite elasticity in principal stretches: {C}ontinuum basis and numerical algorithms},
  Author                   = {Simo, JC and Taylor, RL},
  Journal                  = {Comp Meth Appl Mech Eng},
  Year                     = {1991},
  Pages                    = {273-310},
  Volume                   = {85}
}

@Article{Simo1985a,
  Title                    = {Variational and projection methods for the volume constraint in finite deformation elastoplasticity},
  Author                   = {Simo, JC and Taylor, RL and Pister, KS},
  Journal                  = {Comp Meth Appl Mech Eng},
  Year                     = {1985},
  Pages                    = {177-208},
  Volume                   = {51}
}

@Article{Simo1992a,
  Title                    = {Algorithms for static and dynamic multiplicative plasticity that preserve the classical 
 return mapping schemes of the infinitesimal theory},
  Author                   = {J. C. Simo},
  Journal                  = {Comput. Methods Appl. Mech. Engrg.},
  Year                     = {1992},
  Pages                    = {61--112},
  Volume                   = {99}
}

@Article{Simo1988,
  Title                    = {A framework for finite strain elastoplasticity based on
 maximum plastic dissipation and the multiplicative
 decomposition. {P}art {II}: {C}omputational aspects},
  Author                   = {Simo, J. C. },
  Journal                  = {Comp. Meth. Appl. Mech. Eng. },
  Year                     = {1988},
  Pages                    = {1--31},
  Volume                   = {68}
}

@Article{Simo1987,
  Title                    = {On a fully three-dimensional finite-strain viscoelastic 
 damage model: {F}ormulation and computational aspects},
  Author                   = {Simo, J. C. },
  Journal                  = {Comp. Meth. Appl. Mech. Eng. },
  Year                     = {1987},
  Pages                    = {153--173},
  Volume                   = {60}
}

@Article{Simo1985b,
  Title                    = {On the computational significance of the intermediate 
 configuration and hyperelastic stress relations in 
 finite deformation elastoplasticity},
  Author                   = {Simo, J. C.},
  Journal                  = {Mechanics of Materials},
  Year                     = {1985},
  Pages                    = {439--451},
  Volume                   = {4}
}

@Article{Simo1989,
  Title                    = {On a stress resultant geometrically exact shell model.
 {P}art {I}: {F}ormulation and optimal parametrization},
  Author                   = {Simo, J. C. and Fox, D. D.},
  Journal                  = {Comp. Meth. Appl. Mech. Eng. },
  Year                     = {1989},
  Pages                    = {267--304},
  Volume                   = {72}
}

@Article{Simo1990,
  Title                    = {On a stress resultant geometrically exact shell model.
 {P}art {III}: {C}omputational aspects of the nonlinear
 theory},
  Author                   = {Simo, J. C. and Fox, D. D. and Rifai, M. S.},
  Journal                  = {Comp. Meth. Appl. Mech. Eng. },
  Year                     = {1990},
  Pages                    = {21--70},
  Volume                   = {79}
}

@Article{Simo1989a,
  Title                    = {On a stress resultant geometrically exact shell model.
 {P}art {II}: {T}he linear theory; Computational aspects},
  Author                   = {Simo, J. C. and Fox, D. D. and Rifai, M. S.},
  Journal                  = {Comp. Meth. Appl. Mech. Eng. },
  Year                     = {1989},
  Pages                    = {53--92},
  Volume                   = {73}
}

@Book{simo1997,
  Title                    = {Computational inelasticity},
  Author                   = {Simo, J. C. and Hughes, T. J. R. },
  Publisher                = {Springer-Verlag},
  Year                     = {1997}
}

@Article{Simo1986,
  Title                    = {On the variational foundations of assumed strain methods},
  Author                   = {Simo, J. C. and Hughes, T. J. R. },
  Journal                  = {ASME J. Appl. Mech. },
  Year                     = {1986},
  Pages                    = {51--54},
  Volume                   = {53}
}

@Article{Simo1992b,
  Title                    = {Associated coupled thermoplasticity at finite strains:
 {F}ormulation, numerical analysis and implementation},
  Author                   = {Simo, J. C. and Miehe, C.},
  Journal                  = {Comp. Meth. Appl. Mech. Engrg. },
  Year                     = {1992},
  Note                     = {Uses principle of maximum dissipation. Restricted to 
 cold working range and assumes that mechanical dissipation
 depends only on the initial flow stress},
  Pages                    = {41--104},
  Volume                   = {98}
}

@Article{Simo1993,
  Title                    = {An analysis of strong discontinuities induced by 
 strain-softening in rate-dependent inelastic solids},
  Author                   = {Simo, J. C. and Oliver, J. and Armero, F. },
  Journal                  = {Computational Mechanics},
  Year                     = {1993},
  Pages                    = {277--296},
  Volume                   = {12}
}

@Article{Simo1992,
  Title                    = {On a stress resultant geometrically exact shell model. 
 {P}art {VI}: {C}onserving algorithms for non-linear
 dynamics},
  Author                   = {Simo, J. C. and Rifai, M. S. and Fox, D. D. },
  Journal                  = {Int. J. Numer. Meth. Engrg. },
  Year                     = {1992},
  Pages                    = {117--164},
  Volume                   = {34}
}

@Article{Simo1994,
  Title                    = {A new energy and momentum conserving algorithm for
 non-linear dynamics of shells},
  Author                   = {Simo, J. C. and Tarnow, N.},
  Journal                  = {Int. J. Numer. Meth. Engng.},
  Year                     = {1994},
  Pages                    = {2527--2549},
  Volume                   = {37}
}

@Article{Simo1991,
  Title                    = {Quasi-incompressible finite elasticity in principal 
 stretches: {C}ontinuum basis and numerical algorithms},
  Author                   = {Simo, J. C. and Taylor, R. L. },
  Journal                  = {Comp. Meth. Appl. Mech. Eng. },
  Year                     = {1991},
  Pages                    = {273--310},
  Volume                   = {85}
}

@Article{Simo1985,
  Title                    = {Variational and projection methods for the volume 
 constraint in finite deformation elastoplasticity},
  Author                   = {Simo, J. C. and Taylor, R. L. and Pister, K. S. },
  Journal                  = {Comp. Meth. Appl. Mech. Eng. },
  Year                     = {1985},
  Pages                    = {177--208},
  Volume                   = {51}
}

@Article{Simo90a,
  Title                    = {On a stress resultant geometrically exact shell model.
 {P}art {IV}: {V}ariable thickness shells with 
 through-the-thickness stretching},
  Author                   = {Simo, J. C. Rifai, M. S. and and Fox, D. D.},
  Journal                  = {Comp. Meth. Appl. Mech. Eng. },
  Year                     = {1990},
  Pages                    = {91--126},
  Volume                   = {81}
}

@InProceedings{Skidmore1998,
  Title                    = {The evolution of microstructural changes in pressed {HMX} 
 explosives},
  Author                   = {Skidmore, C. B. and Phillips, D. S. and Howe, P. M. and 
 Mang, J. T. and Romero, J. A. },
  Booktitle                = {Proc. , 11th International Detonation Symposium},
  Year                     = {1998},

  Address                  = {Snowmass, Colorado},
  Pages                    = {556--564}
}

@InProceedings{Skidmore1997,
  Title                    = {Characterization of {HMX} particles in {PBX} 9501},
  Author                   = {Skidmore, C. B. and Phillips, D. S. and Son, S. F. 
 and Asay, B. W. },
  Booktitle                = {Proc. , 10th APS Topical Conference on Shock Compression of 
 Condensed Matter},
  Year                     = {1997},

  Address                  = {Los Alamos, New Mexico},
  Organization             = {American Physical Society},
  Pages                    = {112--119}
}

@Article{Smith1964,
  Title                    = {Integrity bases for vectors. The crystal classes.},
  Author                   = {Smith, GF and Rivlin, RS},
  Journal                  = {Arch Rational Mech Anal},
  Year                     = {1964},
  Pages                    = {169-221},
  Volume                   = {15}
}

@Article{ref:sod,
  Title                    = {A Survey of Several Finite Difference Methods for Systems of Nonlinear Hyperbolic Conservation Laws},
  Author                   = {G. A. Sod},
  Journal                  = {J. Comput. Phys},
  Year                     = {1978},
  Pages                    = {1-31},
  Volume                   = {27}
}

@Article{Son2000,
  Title                    = {Burn Rate Measurements of HMX, TATB, DHT, DAAF and BTATz},
  Author                   = {Son, S.F. and Berghout, H.L. and Bolme, C.A. and Chavez, D.E. and Naud, D. and Hiskey, M.A.},
  Journal                  = {Proceedings of the Combustion Institute},
  Year                     = {2000},
  Pages                    = {919-924},
  Volume                   = {28}
}

@Conference{flameProp,
  Title                    = {{Flame spread across surfaces of PBX 9501}},
  Author                   = {S. F. Son and B. W. Asay and E. M. Whitney and H. L. Berghout},
  Booktitle                = {{Combustion Institute}},
  Year                     = {2007},
  Editor                   = {Elsevier},
  Pages                    = {2063-2070},
  Volume                   = {31},

  Date-added               = {2013-06-04 11:17:27 -0600},
  Date-modified            = {2013-06-04 11:18:45 -0600}
}

@Article{Sorensen2003,
  Title                    = {Determinations of cohesive laws by the {J} integral 
 approach},
  Author                   = {Sorensen, B. F. and Jacobsen, T. K. },
  Journal                  = {Engineering Fracture Mechanics},
  Year                     = {2003},
  Pages                    = {1841--1858},
  Volume                   = {70}
}

@Article{JWLpp,
  Title                    = {JWL++: A simple reactive flow code package for detonation},
  Author                   = {Souers, P.C. and Anderson, S. and Mercer, J. and McGuire, E. and Vitello, P.},
  Journal                  = {Propellants, Explosives and Pyrotechnics},
  Year                     = {2000},
  Pages                    = {54-58},
  Volume                   = {25}
}

@Article{souers2000,
  Title                    = {{JWL}++: a simple reactive flow code package for detonation},
  Author                   = {Souers, P.C. and Anderson, S. and Mercer, J. and McGuire, E. and Vitello, P.},
  Journal                  = {Propellants, Explosives, Pyrotechnics},
  Year                     = {2000},
  Number                   = {2},
  Pages                    = {54--58},
  Volume                   = {25},

  Publisher                = {Wiley Online Library}
}

@Article{Souers2001CylinderTest,
  Title                    = {Detonation Energies from the Cylinder Test and CHEETAH V3.0},
  Author                   = {Souers, P.C. and Forbes, J.W. and Fried, L.E. and Howard, W.M. and Anderson, S. and Dawson, S. and Vitello, P. and Garza, R.},
  Journal                  = {Propellants, Explosives and Pyrotechnics},
  Year                     = {2001},
  Pages                    = {180-190},
  Volume                   = {26}
}

@InCollection{Spencer1954,
  Title                    = {Theory of {I}nvariants},
  Author                   = {Spencer, A. J. M. },
  Booktitle                = {Continuum Physics},
  Publisher                = {Academic Press},
  Year                     = {1954},

  Address                  = {New York},
  Editor                   = {Eringen AC},
  Pages                    = {239--253}
}

@Book{Spencer1984,
  Title                    = {Continuum Theory of the Mechanics of Fibre-Reinforced 
 Composites},
  Author                   = {Spencer, A. J. M. },
  Publisher                = {Springer-Verlag},
  Year                     = {1984},

  Address                  = {New York}
}

@Book{Spencer1980,
  Title                    = {Continuum {M}echanics},
  Author                   = {Spencer, A. J. M. },
  Publisher                = {Longman},
  Year                     = {1980},

  Address                  = {New York}
}

@Article{Srikanth1999,
  Title                    = {A computational model for the finite element analysis
 of thermoplasticity coupled with ductile damage at 
 finite strains},
  Author                   = {Srikanth, A. and Zabaras, N.},
  Journal                  = {Int. J. Numer. Methods Engrg.},
  Year                     = {1999},
  Pages                    = {1569--1605},
  Volume                   = {45}
}

@InProceedings{St.Germain2000,
  Title                    = {Uintah: a massively parallel problem solving environment},
  Author                   = {de St. Germain, J. D. and McCorquodale, J. and Parker, S. G. 
 and Johnson, C. R. },
  Booktitle                = {Ninth IEEE International Symposium on
 High Performance and Distributed Computing},
  Year                     = {2000},
  Month                    = {Nov},
  Pages                    = {33--41},
  Publisher                = {IEEE, Piscataway, NJ}
}

@Book{Stauffer1992,
  Title                    = {Introduction to Percolation Theory: Second Edition},
  Author                   = {Stauffer, D. and Aharony, A. },
  Publisher                = {Taylor and Francis},
  Year                     = {1992},

  Address                  = {London, Washington DC}
}

@InCollection{Stegun1972,
  Title                    = {Miscellaneous Functions},
  Author                   = {Stegun, I. A.},
  Booktitle                = {Handbook of Mathematical Functions with Formulas, Graphs, 
 and Mathematical Tables},
  Publisher                = {Dover},
  Year                     = {1972},

  Address                  = {New York},
  Pages                    = {997--1010}
}

@TechReport{Steinberg1991,
  Title                    = {Equation of state and strength properties of
 selected materials},
  Author                   = {Steinberg, D. J. },
  Institution              = {Lawrence Livermore National Laboratory},
  Year                     = {1991},

  Address                  = {Livermore, California},
  Number                   = {UCRL-MA-106439}
}

@Article{Steinberg1980,
  Title                    = {A constitutive model for metals applicable at 
 high-strain rate},
  Author                   = {Steinberg, D. J. and Cochran, S. G. and Guinan, M. W.},
  Journal                  = {J. Appl. Phys.},
  Year                     = {1980},
  Number                   = {3},
  Pages                    = {1498--1504},
  Volume                   = {51}
}

@Article{Steinberg1989,
  Title                    = {A constitutive model for strain rates from 10$^{-4}$ to
 10$^6$ s$^{-1}$},
  Author                   = {Steinberg, D. J. and Lund, C. M.},
  Journal                  = {J. Appl. Phys.},
  Year                     = {1989},
  Number                   = {4},
  Pages                    = {1528--1533},
  Volume                   = {65}
}

@Book{ASM90,
  Title                    = {American Society of Metals Handbook: Volume 1},
  Author                   = {Steiner, R.},
  Publisher                = {American Society of Metals},
  Year                     = {1990},

  Address                  = {New York}
}

@Article{Steinmann1999,
  Title                    = {Formulation and computation of geometrically nonlinear
 gradient damage},
  Author                   = {Steinmann, P. },
  Journal                  = {Int. J. Num. Meth. Engng. },
  Year                     = {1999},
  Pages                    = {757--779},
  Volume                   = {46}
}

@Article{Steinmann1994,
  Title                    = {Comparison of different finite deformation inelastic
 damage models within multiplicative elastoplasticity
 for ductile materials},
  Author                   = {Steinmann, P. and Miehe, C. and Stein, E.},
  Journal                  = {Computational Mechanics},
  Year                     = {1994},
  Note                     = {Compares softening and localization behavior of 
 von Mises, Lemaitre, and Gurson potentials. Uses
 logarithmic strains.},
  Pages                    = {458--474},
  Volume                   = {13}
}

@Article{Stroeven1999,
  Title                    = {Assessment of packing characteristics by computer 
 simulation},
  Author                   = {Stroeven, P. and Stroeven, M. },
  Journal                  = {Cement and Concrete Research},
  Year                     = {1999},
  Pages                    = {1201--1206},
  Volume                   = {29}
}

@Article{Stueckelberg1953,
  Title                    = {La normalisation des constantes dans la theorie des 
 quanta},
  Author                   = {Stueckelberg, E. C. G. and Petermann, A. },
  Journal                  = {Helv. Phys. Acta},
  Year                     = {1953},
  Pages                    = {499--521},
  Volume                   = {26}
}

@Article{Sulsky1994,
  Title                    = {A particle method for history dependent materials},
  Author                   = {Sulsky, D. and Chen, Z. and Schreyer, H. L. },
  Journal                  = {Comput. Methods Appl. Mech. Engrg. },
  Year                     = {1994},
  Pages                    = {179--196},
  Volume                   = {118}
}

@Article{sulsky_axisym_1996,
  Title                    = {Axisymmetric form of the material point method with applications to upsetting and Taylor impact problems},
  Author                   = {Sulsky, D. and Schreyer, H.L.},
  Journal                  = {Computer Methods in Applied Mechanics and Engineering},
  Year                     = {1996},
  Pages                    = {409-429},
  Volume                   = {139}
}

@Article{Sulsky1995,
  Title                    = {Application of a particle-in-cell method to solid 
 mechanics},
  Author                   = {Sulsky, D. and Zhou, S. and Schreyer, H. L. },
  Journal                  = {Computer Physics Communications},
  Year                     = {1995},
  Pages                    = {236--252},
  Volume                   = {87}
}

@Article{Sun2001,
  Title                    = {Micromechanics of composite materials using multivariable 
 finite element method 
 and homogenization theory},
  Author                   = {Sun, H. and Di, S. and Zhang, N. and Wu, C. },
  Journal                  = {Int. J. Solids Struct. },
  Year                     = {2001},
  Pages                    = {3007--3020},
  Volume                   = {38}
}

@InCollection{Suquet1985,
  Title                    = {Elements of homogenization theory for inelastic solid mechanics},
  Author                   = {Suquet, PM},
  Booktitle                = {Homogenization Techniques for Composite Media},
  Publisher                = {Springer},
  Year                     = {1985},

  Address                  = {Berlin},
  Editor                   = {Sanchez-Palencia, E and Zaoui, A}
}

@Article{Sussman1987,
  Title                    = {A finite element formulation for nonlinear incompressible 
 elastic and inelastic analysis},
  Author                   = {Sussman, T. and Bathe, K-J. },
  Journal                  = {Computers \& Structures},
  Year                     = {1987},
  Pages                    = {357--409},
  Volume                   = {26}
}

@Book{Sutanthavibul2002,
  Title                    = {Xfig User Manual Version 3.2.4},
  Author                   = {Sutanthavibul, S. and others},
  Publisher                = {http://www.xfig.org},
  Year                     = {2002}
}

@Article{ref:Sutherland,
  Title                    = {Improved Boundary conditions for viscous, reacting compressible flows},
  Author                   = {J. C. Sutherland and C.A, Kenndey},
  Journal                  = {Journal of Computational Physics},
  Year                     = {2003},
  Pages                    = {502-524},
  Volume                   = {191}
}

@Article{Tallon1979,
  Title                    = {Temperature dependence of the elastic constants
 of aluminum},
  Author                   = {Tallon, J. L. and Wolfenden, A. },
  Journal                  = {J. Phys. Chem. Solids},
  Year                     = {1979},
  Pages                    = {831--837},
  Volume                   = {40}
}

@Article{Tanemura1992,
  Title                    = {Models and simulations of random structure particles},
  Author                   = {Tanemura, M. },
  Journal                  = {Acta Stereologica},
  Year                     = {1992},
  Number                   = {Suppl 1},
  Pages                    = {41--52},
  Volume                   = {11}
}

@Article{Tanimura1986,
  Title                    = {Strain rate effects and temperature history effects for 
 three different tempers of 4340 {VAR} steel},
  Author                   = {Tanimura, S. and Duffy, J.},
  Journal                  = {Int. J. Plasticity},
  Year                     = {1986},
  Pages                    = {21--35},
  Volume                   = {2}
}

@Article{Taylor1948,
  Title                    = {The use of flat-ended projectiles for determining 
 dynamic yield stress {I.} {T}heoretical considerations},
  Author                   = {Taylor, G. I.},
  Journal                  = {Proc. Royal Soc. London A},
  Year                     = {1948},
  Number                   = {1038},
  Pages                    = {289--299},
  Volume                   = {194}
}

@Article{Taylor1934,
  Title                    = {The latent energy remaining in a metal after cold working},
  Author                   = {Taylor, G. I. and Quinney, H.},
  Journal                  = {Proc. Royal Soc. Lond. A},
  Year                     = {1934},
  Number                   = {849},
  Pages                    = {307--326},
  Volume                   = {143}
}

@Article{Terada1997,
  Title                    = {Digital image-based modeling applied to the homogenization 
 analysis of composite materials},
  Author                   = {Terada, K. and Miura, T. and Kikuchi, N. },
  Journal                  = {Computational Mechanics},
  Year                     = {1997},
  Pages                    = {331--346},
  Volume                   = {20}
}

@Article{Theocaris1997,
  Title                    = {Negative Poisson's ratios in composites with star-shaped 
 inclusions: a numerical homogenization approach},
  Author                   = {Theocaris, P. S. and Stavroulakis, G. E. and 
 Panagiotopoulos, P. D. },
  Journal                  = {Arch. Appl. Mech. },
  Year                     = {1997},
  Pages                    = {274--286},
  Volume                   = {67}
}

@Book{ref:thompson,
  Title                    = {Compressible-Fluid Dynamics},
  Author                   = {P. A. Thompson},
  Publisher                = {McGraw-Hill},
  Year                     = {1988},

  Address                  = {New York}
}

@Article{ref:Thomsen,
  Title                    = {Strange Carnot cycles; thermodynamics fo a system with a density extremum},
  Author                   = {J. S. Thomsen and T. J. Hartka},
  Journal                  = {Am. J. Phys.},
  Year                     = {1962},
  Pages                    = {26-33},
  Volume                   = {30}
}

@InProceedings{Thornhill2001,
  Title                    = {Cylinder fragmentation using gas gun techniques},
  Author                   = {Thornhill, T. F. and Reinhart, W. D. and Chhabildas, L. C.
 and Grady, D. E. and Wilson, L. T.},
  Booktitle                = {Proc. , 12th APS Topical Conference on Shock Compression of 
 Condensed Matter},
  Year                     = {2001},
  Organization             = {American Physical Society},
  Pages                    = {515--518}
}

@Book{Ting1996,
  Title                    = {Anisotropic Elasticity - Theory and Applications},
  Author                   = {Ting, T. C. T. },
  Publisher                = {Oxford University Press},
  Year                     = {1996},

  Address                  = {New York}
}

@Article{Toi1995,
  Title                    = {Damage mechanics models for brittle microcracking solids 
 based on three-dimensional mesoscopic simulations},
  Author                   = {Toi, Y. and Kiyoshe, T. },
  Journal                  = {Engg. Fracture Mech. },
  Year                     = {1995},
  Number                   = {1},
  Pages                    = {11--27},
  Volume                   = {50}
}

@TechReport{Tonks1993,
  Title                    = {Deviatoric stresses and plastic strain rates in strong 
 shock waves for six metals},
  Author                   = {Tonks, D. L.},
  Institution              = {Los Alamos National Laboratory},
  Year                     = {1993},

  Address                  = {New Mexico},
  Number                   = {LA-12641},
  Type                     = {Report}
}

@InProceedings{Tonks2001,
  Title                    = {Void coalescence model for ductile damage},
  Author                   = {Tonks, D. L. and Zurek, A. K. and Thissell, W. R.},
  Booktitle                = {Proc. , 12th APS Topical Conference on Shock Compression of 
 Condensed Matter},
  Year                     = {2001},
  Organization             = {American Physical Society},
  Pages                    = {611--614}
}

@Book{ref:toro,
  Title                    = {Riemann Solvers and Numerical Methods for Fluid Dynamics},
  Author                   = {E. F. Toro},
  Publisher                = {Springer},
  Year                     = {1997},

  Address                  = {Berlin Heidelberg}
}

@Book{Torquato2001,
  Title                    = {Random Heterogeneous Materials: Microstructure and 
 Macroscopic Properties},
  Author                   = {Torquato, S. },
  Publisher                = {Springer-Verlag},
  Year                     = {2001},

  Address                  = {New York},
  Note                     = {p. 595-619}
}

@InCollection{Trucano1983,
  Title                    = {Intermediate velocity penetration of steel spheres 
 into deep aluminum targets},
  Author                   = {Trucano, T. G. and Grady, D. E.},
  Booktitle                = {Shock Waves in Condensed Matter},
  Publisher                = {Elsevier Science Publishers},
  Year                     = {1983},

  Address                  = {Amsterdam},
  Editor                   = {Asay, J. R. and Graham, R. A. and Straub, G. K.},
  Pages                    = {187--190}
}

@Article{Truesdell1945,
  Title                    = {On a function which occurs in the theory of the structure
 of polymers},
  Author                   = {Truesdell, C.},
  Journal                  = {The Annals of Mathematics: Series 2},
  Year                     = {1945},
  Number                   = {1},
  Pages                    = {144--157},
  Volume                   = {46}
}

@Book{Truesdell1992,
  Title                    = {The Non-linear Field Theories of Mechanics},
  Author                   = {Truesdell, C and Noll, W},
  Publisher                = {Springer-Verlag},
  Year                     = {1992},

  Address                  = {New York}
}

@InCollection{Truesdell1960,
  Title                    = {The classical field theories},
  Author                   = {Truesdell, C and Toupin, R},
  Booktitle                = {Handbuck der Physik},
  Publisher                = {Springer-Verlag},
  Year                     = {1960},

  Address                  = {Berlin},
  Pages                    = {226-793}
}

@Book{Tschoegl1989,
  Title                    = {The Phenomenological Theory of Linear Viscoelastic Behavior},
  Author                   = {Tschoegl, NW},
  Publisher                = {Springer-Verlag},
  Year                     = {1989},

  Address                  = {New York}
}

@Article{Tver2003,
  Title                    = {Cohesive zone representations of failure between
 elastic or rigid solids and ductile solids},
  Author                   = {Tvergaard, V. },
  Journal                  = {Engineering Fracture Mechanics},
  Year                     = {2003},
  Pages                    = {1859--1868},
  Volume                   = {70}
}

@InCollection{Tver1990,
  Title                    = {Ductile failure modes in dynamically loaded notched bars},
  Author                   = {Tvergaard, V. and Needleman, A. },
  Booktitle                = {Damage Mechanics in Engineering Materials: AMD 109/MD 24},
  Publisher                = {American Society of Mechanical Engineers},
  Year                     = {1990},

  Address                  = {New York, NY},
  Editor                   = {J. W. Ju and D. Krajcinovic and H. L. Schreyer},
  Pages                    = {117--128}
}

@Article{Tver1984,
  Title                    = {Analysis of the cup-cone fracture in a round tensile bar},
  Author                   = {Tvergaard, V. and Needleman, A.},
  Journal                  = {Acta Metall.},
  Year                     = {1984},
  Number                   = {1},
  Pages                    = {157--169},
  Volume                   = {32}
}

@Article{Vaidya1970,
  Title                    = {Compressibility of 18 metals to 45 kbar},
  Author                   = {Vaidya, S. N. and Kennedy G. C. },
  Journal                  = {Phys. Chem. Solids},
  Year                     = {1970},
  Pages                    = {2329--2345},
  Volume                   = {31}
}

@Article{Kashiwa1998,
  Title                    = {Compatible Fluxes for van Leer Advection},
  Author                   = {W.B. VanderHeyden and B.A. Kashiwa},
  Journal                  = {J. Comp. Phys.},
  Year                     = {1998},
  Pages                    = {1-28},
  Volume                   = {146}
}

@Article{kashiwaJCP98,
  Title                    = {Compatible Fluxes for van Leer Advection},
  Author                   = {W.B. VanderHeyden and B.A. Kashiwa},
  Journal                  = {J. Comp. Phys.},
  Year                     = {1998},
  Pages                    = {1-28},
  Volume                   = {146}
}

@Article{Varshni1970,
  Title                    = {Temperature dependence of the elastic constants},
  Author                   = {Varshni, Y. P.},
  Journal                  = {Physical Rev. B},
  Year                     = {1970},
  Number                   = {10},
  Pages                    = {3952--3958},
  Volume                   = {2}
}

@Article{Vocadlo2002,
  Title                    = {Ab initio melting curve of the fcc phase of aluminum},
  Author                   = {Vocadlo, L. and Alfe, D.},
  Journal                  = {Physical Rev. B},
  Year                     = {2002},
  Pages                    = {214105-1--12},
  Volume                   = {65}
}

@Article{Vogler2003,
  Title                    = {Fragmentation of materials in expanding tube experiments},
  Author                   = {Vogler, T. J. and Thornhill, T. F. and Reinhart, W. D. 
 and Chhabildas, L. C. and Grady, D. E. and Wilson, L. T.
 and Hurricane, O. A. and Sunwoo, A.},
  Journal                  = {Int. J. Impact Engrg.},
  Year                     = {2003},
  Pages                    = {735--746},
  Volume                   = {29}
}

@Article{VonNeumann1950,
  Title                    = {A method for the numerical calculation of hydrodynamic 
 shocks},
  Author                   = {VonNeumann, J. and Richtmyer, R. D.},
  Journal                  = {J. Appl. Phys.},
  Year                     = {1950},
  Pages                    = {232},
  Volume                   = {21}
}

@Article{voyiadjis2000,
  Title                    = {Finite Strain Anisotropic {Modified} {Cam} {Clay} {Model} with {Plastic} {Spin}. {I}: {Theory}},
  Author                   = {G. Z. Voyiadjis and C. R. Song},
  Journal                  = {{Journal} of {Engineering} {Mechanics}},
  Year                     = {2000},

  Month                    = oct,
  Number                   = {10},
  Pages                    = {1012--1019},
  Volume                   = {126}
}

@Article{Vural2003,
  Title                    = {Large strain mechanical behavior of 1018 cold-rolled
 steel over a wide range of strain rates},
  Author                   = {Vural, M. and Rittel, D. and Ravichandran, G.},
  Journal                  = {Metall. Mater. Trans. A},
  Year                     = {2003},
  Pages                    = {2873--2885},
  Volume                   = {34A}
}

@Article{Wallace1981,
  Title                    = {Irreversible thermodynamics of overdriven shocks in
 solids},
  Author                   = {Wallace, D. C.},
  Journal                  = {Physical Review B},
  Year                     = {1981},
  Number                   = {10},
  Pages                    = {5597--5606},
  Volume                   = {24}
}

@Article{Wallace1981a,
  Title                    = {Nature of the process of overdriven shocks in metals},
  Author                   = {Wallace, D. C.},
  Journal                  = {Physical Review B},
  Year                     = {1981},
  Number                   = {10},
  Pages                    = {5607--5615},
  Volume                   = {24}
}

@Article{Wallace1960,
  Title                    = {Specific heat of high purity iron by a pulse heating 
 method},
  Author                   = {Wallace, D. C. and Sidles, P. H. and Danielson, G. C.},
  Journal                  = {J. Appl. Phys.},
  Year                     = {1960},
  Number                   = {1},
  Pages                    = {168--176},
  Volume                   = {31}
}

@Article{Walling1973,
  Title                    = {Elastic-plastic expansion of 6061-{T}6 aluminum rings},
  Author                   = {Walling, H. C. and Forrestal, M. J.},
  Journal                  = {AIAA Journal},
  Year                     = {1973},
  Number                   = {8},
  Pages                    = {1196--1197},
  Volume                   = {11}
}

@Article{WallstedtJCP,
  Title                    = {An evaluation of explicit time integration schemes for use
 with the generalized interpolation material point method},
  Author                   = {Wallstedt, P. C. and Guilkey, J. E.},
  Journal                  = {J. Comp. Phys.},
  Year                     = {2008},
  Pages                    = {9628-9642},
  Volume                   = {227}
}

@Article{Wang1995,
  Title                    = {A model for rate-dependent plasticity},
  Author                   = {Wang, F. and Glimm, J. and Plohr, B.},
  Journal                  = {J. Mech. Phys. Solids},
  Year                     = {1995},
  Number                   = {9},
  Pages                    = {1497--1503},
  Volume                   = {43}
}

@Article{Wang1998,
  Title                    = {Sensitivity of Ultrasonic Attenuation and Velocity Change
 to Cyclic Deformation in Pure Aluminum},
  Author                   = {Wang, J. and Fang, Q. F. and Zhu, Z. G.},
  Journal                  = {Phys. Stat. Sol.},
  Year                     = {1998},
  Pages                    = {43--48},
  Volume                   = {169}
}

@Article{Wang1994,
  Title                    = {An analysis of an explicit algorithm and the radial 
 return algorithm, and a proposed modification, in 
 finite elasticity},
  Author                   = {Wang, L. H. and Atluri, S. N.},
  Journal                  = {Computational Mechanics},
  Year                     = {1994},
  Pages                    = {380--389},
  Volume                   = {13}
}

@Article{Wang1997,
  Title                    = {Viscoplasticity for instabilities due to strain softening
 and strain-rate softening},
  Author                   = {Wang, W. M. and Sluys, L. J. and De Borst, R.},
  Journal                  = {Int. J. Numer. Meth. Engng},
  Year                     = {1997},
  Pages                    = {3839--3864},
  Volume                   = {40}
}

@Article{Wang2000,
  Title                    = {Calculated equation of stae of {A}l, {C}u, {T}a, {M}o, and
 {W} to 1000 {GP}a},
  Author                   = {Wang, Y. and Chen, D. and Zhang, X.},
  Journal                  = {Physical Review Letters},
  Year                     = {2000},
  Number                   = {15},
  Pages                    = {3220--3223},
  Volume                   = {84}
}

@Article{wang2003,
  Title                    = {Numerical analysis on dynamic deformation mechanism of soils under blast loading},
  Author                   = {Z. Wang},
  Journal                  = {Soil Dynamics and Earthquake Engineering},
  Year                     = {2003},

  Month                    = dec,
  Number                   = {8},
  Pages                    = {705},
  Volume                   = {23}
}

@Article{wang2004,
  Title                    = {A three-phase soil model for simulating stress wave propagation due to blast loading},
  Author                   = {Z. Wang and H. Hao and Y. Lu},
  Journal                  = {International Journal for Numerical and Analytical Methods in Geomechanics},
  Year                     = {2004},
  Number                   = {1},
  Pages                    = {33--56},
  Volume                   = {28}
}

@Article{wang2011,
  Title                    = {Numerical simulation of explosion-induced soil liquefaction and its effect on surface structures},
  Author                   = {Z. Wang and Y. Lu and C. Bai},
  Journal                  = {Finite Elements in Analysis and Design},
  Year                     = {2011},

  Month                    = sep,
  Number                   = {9},
  Pages                    = {1079--1090},
  Volume                   = {47}
}

@Article{ref:wardsonbrewster,
  Title                    = {Steady Deflagration of HMX With Simple Kinetics: A Gas Phase Chain Reaction Model},
  Author                   = {M.J. Ward and S.F. Son and M.Q. Brewster},
  Journal                  = {Combustion and Flame},
  Year                     = {1998},
  Pages                    = {556-568},
  Volume                   = {114}
}

@Book{Washizu1974,
  Title                    = {Variational Methods in Elasticity and Plasticity},
  Author                   = {Washizu, K},
  Publisher                = {Pergamon},
  Year                     = {1974},

  Address                  = {Oxford}
}

@Article{Weber1990,
  Title                    = {Finite deformation constitutive equations and a time 
 integration procedure for isotropic, 
 hyperelastic-viscoplastic solids},
  Author                   = {Weber, G. and Anand, L.},
  Journal                  = {Comp. Methods Appl. Mech. Engrg.},
  Year                     = {1990},
  Pages                    = {173--202},
  Volume                   = {79}
}

@Article{Weiss1994,
  Title                    = {A constitutive model and finite element representation for transversely isotropic soft tissues},
  Author                   = {Weiss, JA },
  Journal                  = {Ph.D. Dissertation},
  Year                     = {1994},
  Volume                   = {Department of Bioengineering, University of Utah}
}

@Article{Weiss1996,
  Title                    = { Finite element implementation of incompressible, transversely isotropic hyperelasticity},
  Author                   = {Weiss, JA and Maker, BN and Govindjee, S},
  Journal                  = {Comp Meth Appl Mech Eng},
  Year                     = {1996},
  Pages                    = {107-128},
  Volume                   = {135}
}

@Article{Wesenberg1977,
  Title                    = {Dynamic fracture of 6061-{T}6 aluminum cylinders},
  Author                   = {Wesenberg, D. L. and Sagartz, M. J.},
  Journal                  = {J. Appl. Mech.},
  Year                     = {1977},
  Number                   = {4},
  Pages                    = {643--646},
  Volume                   = {44}
}

@MastersThesis{Wetzel1999,
  Title                    = {Investigation of the Creep Behavior of Nonlinear 
 Viscoelastic Simulant Materials for High Explosives},
  Author                   = {Wetzel, B. J. },
  School                   = {California Institute of Technology},
  Year                     = {1999},

  Address                  = {Pasadena, California}
}

@Article{wheeler2003,
  Title                    = {An anisotropic elastoplastic model for soft clays},
  Author                   = {S. J. Wheeler and A. N{a}{a}t{a}nen and M. Karstunen and M. Lojander},
  Journal                  = {Canadian Geotechnical Journal},
  Year                     = {2003},

  Month                    = apr,
  Number                   = {2},
  Pages                    = {403--418},
  Volume                   = {40}
}

@Article{Whiffin1948,
  Title                    = {The use of flat-ended projectiles for determining 
 dynamic yield stress {II.} {T}ests on various metallic
 materials},
  Author                   = {Whiffin, A. C.},
  Journal                  = {Proc. Royal Soc. London A},
  Year                     = {1948},
  Number                   = {1038},
  Pages                    = {300--322},
  Volume                   = {194}
}

@Book{ref:white,
  Title                    = {Viscous Fluid Flow, 2nd Edition},
  Author                   = {F. M. White},
  Publisher                = {McGraw-Hill},
  Year                     = {1991}
}

@InProceedings{Wiegand1998,
  Title                    = {Mechanical failure of composite plastic bonded explosives 
 and other energetic materials},
  Author                   = {Wiegand, D. A. },
  Booktitle                = {Proc. , 11th International Detonation Symposium},
  Year                     = {1998},

  Address                  = {Snowmass, Colorado},
  Pages                    = {744--750}
}

@Article{ref:wighteddings,
  Title                    = {Science-Based Simulation Tools for Hazard Assessment and Mitigation},
  Author                   = {C.A. Wight and E.G. Eddings},
  Journal                  = {Advancements in Energetic Materials and Chemical Propulsion},
  Year                     = {2008},
  Pages                    = {921-937}
}

@InCollection{Wilkins1964,
  Title                    = {Calculation of elastic-plastic flow},
  Author                   = {Wilkins, M. L.},
  Booktitle                = {Methods in Computational Physics V.3},
  Publisher                = {Academic Press},
  Year                     = {1964},

  Address                  = {New York},
  Editor                   = {Alder, B. and Fernbach, S. and Rotenberg, M. },
  Pages                    = {211--263}
}

@Book{Wilkins1999,
  Title                    = {Computer Simulation of Dynamic Phenomena},
  Author                   = {Wilkins, M. L. },
  Publisher                = {Springer-Verlag},
  Year                     = {1999},

  Address                  = {Berlin}
}

@Article{Wilkins1973,
  Title                    = {Impact of cylinders on a rigid boundary},
  Author                   = {Wilkins, M. L. and Guinan, M. W.},
  Journal                  = {J. Appl. Phys.},
  Year                     = {1973},
  Number                   = {3},
  Pages                    = {1200--1206},
  Volume                   = {44}
}

@Article{Williams1987,
  Title                    = {The melting curve of iron to 250 gigapascals:
 a constraint of the temperature at earth's center},
  Author                   = {Williams, Q. and Jeanloz, R. and Bass, J. and Svendsen, B.
 and Ahrens, T. J.},
  Journal                  = {Science},
  Year                     = {1987},
  Pages                    = {181--182},
  Volume                   = {236}
}

@Unpublished{Williams1998,
  Title                    = {{HMX} properties},
  Author                   = {Williams, T. 0. },
  Note                     = {Personal communication},
  Year                     = {1998}
}

@Article{Williams1999,
  Title                    = {A generalized micromechanics model with shear-coupling},
  Author                   = {Williams, T. O. and Aboudi, J. },
  Journal                  = {Acta Mechanica},
  Year                     = {1999},
  Pages                    = {131--154},
  Volume                   = {138}
}

@InProceedings{Williams2002,
  Title                    = {Modeling the impact of localized deformation on the bulk 
 response of heterogeneous energetic materials},
  Author                   = {Williams, T. O. and Beyerlein, I. },
  Booktitle                = {Proc. 15th ASCE Engineering Mechanics Division Conference},
  Year                     = {2002},

  Address                  = {New York, New York}
}

@Article{Wilson1979,
  Title                    = {Problems in physics with many scales of length},
  Author                   = {Wilson, K. G. },
  Journal                  = {Scientific American},
  Year                     = {1979},

  Month                    = {August},
  Pages                    = {158--179},
  Volume                   = {241}
}

@Article{Wilson1971,
  Title                    = {Renormalization group and strong interactions},
  Author                   = {Wilson, K. G. },
  Journal                  = {Physical Review D},
  Year                     = {1971},
  Number                   = {8},
  Pages                    = {1818--1846},
  Volume                   = {3}
}

@TechReport{Wilt1995,
  Title                    = {On the Finite Element Implementation of the Generalized 
 Method of Cells Micromechanics Constitutive Model},
  Author                   = {Wilt, T. E. },
  Institution              = {National Aeronautics and Space Administration},
  Year                     = {1995},

  Address                  = {Lewis Research Center, USA},
  Number                   = {NASA-CR-195451}
}

@TechReport{Wolfer1999,
  Title                    = {Phonon drag on dislocations at high pressures},
  Author                   = {Wolfer, W. G.},
  Institution              = {Lawrence Livermore National Laboratory},
  Year                     = {1999},

  Address                  = {Livermore, California},
  Number                   = {UCRL-ID-136221}
}

@Book{wood1991,
  Title                    = { Soil Behaviour and Critical State Soil Mechanics},
  Author                   = {D. M. Wood},
  Publisher                = {Cambridge University Press},
  Year                     = {1991}
}

@Article{Wriggers1992,
  Title                    = {On the coupled thermomechanical treatment of necking 
 problems via finite element methods},
  Author                   = {Wriggers, P. and Miehe, C. and Kleiber, M. and 
 Simo, J. C.},
  Journal                  = {Int. J. Numer. Methods Engrg.},
  Year                     = {1992},
  Pages                    = {869--883},
  Volume                   = {33}
}

@Book{Wright2002,
  Title                    = {The Physics and Mathematics of Adiabatic Shear Bands},
  Author                   = {Wright, T. W. },
  Publisher                = {Cambridge University Press},
  Year                     = {2002},

  Address                  = {Cambridge, UK}
}

@Book{wroth1985,
  Title                    = {Soil mechanics-{Property} charactrization and analysis procedures},
  Author                   = {C. P. Wroth and G. T. Houlsby},
  Publisher                = {Proceedings of the 11th International Conference on Soil Mechanics and Foundation Engineering, San Francisco},
  Year                     = {1985},

  Address                  = {San Francisco},
  Month                    = aug,

  Pages                    = {12--16}
}

@Book{wroth1986,
  Title                    = {A Critical State Model for Predicting the Behaviour of Clays},
  Author                   = {P. C. Wroth and G. T. Houlsby},
  Publisher                = {presented at the Application of Plasticity and Generalized Stress-strain in Geotechnical Engineering},
  Year                     = {1986},

  Pages                    = {592--627}
}

@Article{Yadav1995,
  Title                    = {The mechanical response of 6061-{T}6 {A}l/{A}l$_2${O}$_3$
 metal matrix composite at high rates of deformation},
  Author                   = {Yadav, S. and Chichili, D. and Ramesh, K.},
  Journal                  = {Acta Metall. Mater.},
  Year                     = {1995},
  Pages                    = {4453--4464},
  Volume                   = {43}
}

@Article{Yoo1993,
  Title                    = {Shock temperatures and melting of iron at earth core
 conditions},
  Author                   = {Yoo, C. S. and Holmes, N. C. and Ross, M.},
  Journal                  = {Phys. Rev. Lett.},
  Year                     = {1993},
  Number                   = {25},
  Pages                    = {3931--3934},
  Volume                   = {70}
}

@Article{Yuan2003,
  Title                    = {Computational analysis of thin coating layer failure
 using a cohesive zone model and gradient plasticity},
  Author                   = {Yuan, H. and Chen, J. },
  Journal                  = {Engineering Fracture Mechanics},
  Year                     = {2003},
  Pages                    = {1929--1942},
  Volume                   = {70}
}

@Article{Zabaras1992,
  Title                    = {A family of integration algorithms for constitutive
 equations in finite deformation elasto-viscoplasticity},
  Author                   = {Zabaras, N. and Arif, A. F. M},
  Journal                  = {Int. J. Numer. Meth. Engrg. },
  Year                     = {1992},
  Pages                    = {59--84},
  Volume                   = {33}
}

@Article{Zabaras1999,
  Title                    = {An object-oriented programming approach to the {L}agrangian
 {FEM} analysis of large inelastic deformations and 
 metal-forming processes},
  Author                   = {Zabaras, N. and Srikanth, A.},
  Journal                  = {Int. J. Numer. Meth. Engrg. },
  Year                     = {1999},
  Pages                    = {399--445},
  Volume                   = {45}
}

@InProceedings{Zaug1998,
  Title                    = {Elastic constants of $\beta$-{HMX} and Tantalum,
 equations of state of supercritical fluids and fluid 
 mixtures and thermal transport determinations},
  Author                   = {Zaug, J. M. },
  Booktitle                = {Proc. , 11th International Detonation Symposium},
  Year                     = {1998},

  Address                  = {Snowmass, Colorado},
  Pages                    = {498--509}
}

@Article{Zavaliangos1992,
  Title                    = {Thermal aspects of shear localization in microporous
 viscoplastic solids},
  Author                   = {Zavaliangos, A. and Anand, L.},
  Journal                  = {Int. J. Numer. Methods Engrg.},
  Year                     = {1992},
  Pages                    = {595--634},
  Volume                   = {33}
}

@Article{Zerilli2004,
  Title                    = {Dislocation mechanics-based constitutive equations},
  Author                   = {Zerilli, F. J.},
  Journal                  = {Metall. Mater. Trans. A},
  Year                     = {2004},
  Pages                    = {2547--2555},
  Volume                   = {35A}
}

@InProceedings{Zerilli1993,
  Title                    = {Constitutive relations for the plastic deformation of 
 metals},
  Author                   = {Zerilli, F. J. and Armstrong, R. W.},
  Booktitle                = {High-Pressure Science and Technology - 1993},
  Year                     = {1993},

  Address                  = {Colorado Springs, Colorado},
  Organization             = {American Institute of Physics},
  Pages                    = {989--992}
}

@Article{Zerilli1987,
  Title                    = {Dislocation-mechanics-based constitutive relations
 for material dynamics calculations},
  Author                   = {Zerilli, F. J. and Armstrong, R. W.},
  Journal                  = {J. Appl. Phys.},
  Year                     = {1987},
  Number                   = {5},
  Pages                    = {1816--1825},
  Volume                   = {61}
}

@Article{Zerilli2007,
  Title                    = {A constitutive equation for the dynamic deformation behavior of polymers},
  Author                   = {Zerilli, F. J. and Armstrong R. W.},
  Journal                  = {J. Mater. Sci.},
  Year                     = {2007},
  Pages                    = {4562--4574},
  Volume                   = {42}
}

@Article{Zhang1988,
  Title                    = {Numerical prediction of the mechanical properties of 
 anisotropic composite materials},
  Author                   = {Zhang, W. C. and Evans, K. E. },
  Journal                  = {Computers and Structures},
  Year                     = {1988},
  Number                   = {3},
  Pages                    = {413--422},
  Volume                   = {29}
}

@Article{Zhang1995,
  Title                    = {On the accuracies of numerical integration algorithms for
 Gurson-based pressure-dependent elastoplastic constitutive
 models},
  Author                   = {Zhang, Z. L.},
  Journal                  = {Comput. Methods Appl. Mech. Engrg.},
  Year                     = {1995},
  Pages                    = {15--28},
  Volume                   = {121}
}

@Article{Zhang1995a,
  Title                    = {Explicit consistent tangent moduli with a return mapping
 algorithm for pressure-dependent elastoplastic models},
  Author                   = {Zhang, Z. L.},
  Journal                  = {Comput. Methods Appl. Mech. Engrg.},
  Year                     = {1995},
  Pages                    = {29--44},
  Volume                   = {121}
}

@Article{Zhou2004,
  Title                    = {Dynamic crack propagation with cohesive elements:
 a methodology to address mesh dependency},
  Author                   = {Zhou, F. and Molinari, J. F.},
  Journal                  = {Int. J. Numer. Meth. Engng.},
  Year                     = {2004},
  Pages                    = {1--24},
  Volume                   = {59}
}

@PhdThesis{Zhou1998,
  Title                    = {The numerical prediction of material failure based on 
 the material point method},
  Author                   = {Zhou, S. },
  School                   = {University of New Mexico},
  Year                     = {1998},

  Address                  = {Albuquerque, New Mexico}
}

@Book{Zienkiewicz1989,
  Title                    = {The Finite Element Method, Volume 1: Basic Formulation 
 and Linear Problems},
  Author                   = {Zienkiewicz, O. C. and Taylor, R. L. },
  Publisher                = {McGraw-Hill},
  Year                     = {1989},

  Address                  = {London}
}

@InProceedings{Zocher2000,
  Title                    = {An evaluation of several hardening models using Taylor 
 cylinder impact data},
  Author                   = {Zocher, M. A. and Maudlin, P. J. and Chen, S. R. and 
 Flower-Maudlin, E. C.},
  Booktitle                = {Proc., European Congress on Computational Methods in 
 Applied Sciences and Engineering},
  Year                     = {2000},

  Address                  = {Barcelona, Spain},
  Organization             = {ECCOMAS}
}

@Article{Zohdi2001,
  Title                    = {Aspects of the computational testing of the mechanical 
 properties of microheterogeneous material samples},
  Author                   = {Zohdi, T. I. and Wriggers, P. },
  Journal                  = {Int. J. Numer. Meth. Engng. },
  Year                     = {2001},
  Pages                    = {2573--2599},
  Volume                   = {50}
}

@InCollection{Zukas1990,
  Title                    = {Survey of computer codes for impact simulation},
  Author                   = {Zukas, J. },
  Booktitle                = {High Velocity Impact Dynamics},
  Publisher                = {Wiley},
  Year                     = {1990},

  Address                  = {New York},
  Editor                   = {Zukas, J. },
  Pages                    = {593--714}
}

@Article{zytynski1978,
  Title                    = {On modelling the unloading-reloading behaviour of soils},
  Author                   = {M. Zytynski and M. F. Randolph and R. Nova and C. P. Wroth},
  Journal                  = {International Journal for Numerical and Analytical Methods in Geomechanics},
  Year                     = {1978},
  Number                   = {1},
  Pages                    = {87--93},
  Volume                   = {2}
}

