@book{Gibson1999,
  title={Cellular solids: structure and properties},
  author={Gibson, L. J. and Ashby, M. F.},
  year={1999},
  publisher={Cambridge University Press}
}
%
%%%%%%%%%% COLLECTIONS %%%%%%%%%
@INCOLLECTION{Head1980,
    AUTHOR = "Head, K. H.",
    TITLE = "Effective stress tests",
    PUBLISHER = "Pentech Press, London",
    BOOKTITLE = "Manual of soil laboratory testing: {V}olume 3",
    YEAR = "1980",
    PAGES = "1980--1986",
    }
%
%%%%%%%%%% THESES %%%%%%%%%
@MASTERSTHESIS{Kraus12,
    AUTHOR       = "Kraus, B.",
    YEAR         = "2012",
    TITLE        = "Characterizing polyurethane foam behaviour and interfacial failure of metal-polymer interface 
                    on composite beams",
    SCHOOL       = "Department of Mechanical Engineering, University of Auckland,
                    Auckland, NZ", 
    }
%
%%%%%%%%%% UNPUBLISHED REPORTS %%%%%%%%%
@UNPUBLISHED{Exley2010,
    AUTHOR       = "Exley, M. and Nguyen, C. and Clifton, C.",
    YEAR         = "2010", 
    TITLE        = "Compression test of lipped {C} steel sections: different foam densities",
    PUBLISHER    = "University of Auckland, New Zealand",
    NOTE         = "Unpublished report",
    }
% 
%%%%%%%%%% STANDARDS %%%%%%%%%
@INCOLLECTION{ASTMD1621,
    AUTHOR = "ASTM-D1621-10",
    TITLE = "Standard Test Method for Compressive Properties of Rigid Cellular Plastics",
    PUBLISHER = "ASTM International, West Conshohocken, PA",
    BOOKTITLE = "ASTM Standard D1621",
    YEAR = "2010",
    }
%
%%%%%%%%%% Proceedings %%%%%%%%%
@inproceedings{Jin2007,
        author={Jin, H. and Lu, W. and Hong, S. and Connelly, K.},
        year={2007},
        title={Fracture behavior of polyurethane foams},
        booktitle={Proceedings of the 2007 SEM Annual Conference and Exposition on Experimental 
                   and Applied Mechanics, Springfield, Massachusetts},
}
%
%%%%%%%%%% PAPER %%%%%%%%%
@article{Abrate08,
        author={Abrate,S.},
        year={2008},
        title={Criteria for yielding or failure of cellular materials},
        journal={Journal of Sandwich Structures and Materials},
        volume={10},
        number={1},
        pages={5-51},
}
%
@article{Guilkey07,
  title={An {E}ulerian--{L}agrangian approach for simulating explosions of energetic devices},
  author={Guilkey, J. E.  and Harman, T. B.  and Banerjee, B. },
  journal={Computers \& structures},
  volume={85},
  number={11},
  pages={660--674},
  year={2007},
  publisher={Elsevier}
}
%
@article{Foster2010,
  title={Viscoplasticity using peridynamics},
  author={Foster, J. T. and Silling, S. A. and Chen, W. W.},
  journal={Int. J. Numer. Meth. Engng.},
  volume={81},
  pages={1242--1258},
  year={2010}
}
%
@article{Ivkovic2004,
  author = {Ivkovic, M. and Rozenberg, P.},
  title = {A method for describing and modelling of within-ring wood
           density distribution in clones of three coniferous species.},
  journal =  {Annals of Forest Science},
  year = {2004},
  volume = {61},
  number = {8},
  pages = {759--769}
}
%
@techreport{Simpson1993,
  author = {Simpson, W. T.}, 
  title = {Specific gravity, moisture content, and density relationship 
           for wood},
  year = {1993},
  number = {FPL-GTR-76}, 
  institution = {Forest Products Laboratory, Forest Service, US Department
               of Agriculture, Madison, WI}
}
%
@techreport{Lipton2009,
  author = {Lipton, B. A. R. and Alali, B.},
  title = {Multiscale analysis of heterogenous media in the peridynamic formulation},
  year = {2009},
  number = {xxxxxx}, 
  institution = {Minneapolis Institute for Mathematics and its Applications,
                 Univ. of Minnesota, USA}
}
%
@article{Nairn2007,
  author = {Nairn, J. A.},
  title = {A numerical study of the transverse modulus of wood as a function
           of grain orientation and properties},
  journal = {Holzforschung},
  year = {2007},
  volume = {61},
  number = {4},
  pages = {406--413}
}
%
@article{Hu2011,
  author = {Hu, W. and Ha, Y. D. and Bobaru, F.},
  title = {Modeling dynamic fracture and damage in a fiber-reinforced 
           composite lamina with peridynamics},
  journal = {Int. J. Multiscale Computational Engineering},
  year = {2011},
  volume = {9},
  number = {6},
  pages = {xxx--yyy}
}
%
@article{Norris2008,
  title={Euler-{R}odrigues and {C}ayley formulae for rotation of elasticity tensors},
  author={Norris, A. N.},
  journal={Mathematics and Mechanics of Solids},
  volume={13},
  number={6},
  pages={465--498},
  year={2008},
  publisher={Sage Publications}
}
%
@article{Foster2011,
  title={An energy based failure criterion for use with peridynamic states},
  author={Foster, J. and Silling, S. A and Chen, W.},
  journal={International Journal for Multiscale Computational Engineering},
  volume={9},
  number={6},
  year={2011},
  pages={675--687},
  publisher={Begel House Inc.}
}
%
@article{Tupek2013,
  title={An approach for incorporating classical continuum damage models in state-based peridynamics},
  author={Tupek, M. R.  and Rimoli, J. J.  and Radovitzky, R. },
  journal={Computer Methods in Applied Mechanics and Engineering},
  volume={263},
  pages={20--26},
  year={2013},
  publisher={Elsevier}
}
%
@article{Ganzen2014,
  title={On the similarity of Peridynamics and Smooth-Particle Hydrodynamics},
  author={Ganzenm{\"u}ller, G. C. and Hiermaier, S. and May, Mi.},
  journal={arXiv preprint arXiv:1401.8268},
  year={2014}
}
%
@article{Silling2010,
  title={Peridynamic theory of solid mechanics},
  author={Silling, S. A.  and Lehoucq, R. B. },
  journal={Advances in Applied Mechanics},
  volume={44},
  pages={73--168},
  year={2010},
  publisher={Elsevier Science}
}
%
@article{Challis1995,
  title={A procedure for determining rigid body transformation parameters},
  author={Challis, J.},
  journal={Journal of Biomechanics},
  volume={28},
  number={6},
  year={1995},
  pages={733--737}
}
%
@techreport{Thomas2011,
  author = {Thomas, M. A. and Chitty, D. E.},
  title = {Constitutive Soil Properties for Mason Sand and Kennedy Space Center},
  year = {2011},
  number = {NASA/CR-2011-217323},
  institution = {Applied Research Associates, Inc., Albuquerque, New Mexico},
  url = {http://ntrs.nasa.gov/archive/nasa/casi.ntrs.nasa.gov/20120000504.pdf}
}
%
@BOOK{Wright02,
    AUTHOR       = "Wright, T. W. ",
    YEAR         = "2002",
    TITLE        = "The Physics and Mathematics of Adiabatic Shear Bands",
    PUBLISHER    = "Cambridge University Press",
    ADDRESS      = "Cambridge, UK",
    }
%
@BOOK{Batra06,
    AUTHOR       = "Batra, R. C.",
    TITLE        = "Elements of Continuum Mechanics",
    PUBLISHER    = "AIAA",
    ADDRESS      = "Reston, VA.",
    YEAR         = "2006",
    }
%
@BOOK{Maugin99,
    AUTHOR       = "Maugin, G. A.",
    TITLE        = "The Thermomechanics of Nonlinear Irreversible Behaviors:
                    An Introduction",
    PUBLISHER    = "World Scientific",
    ADDRESS      = "Singapore",
    YEAR         = "1999",
    }
%
@article{Hamiel2004,
  title={Coupled evolution of damage and porosity in poroelastic media: theory and applications to deformation of porous rocks},
  author={Hamiel, Y. and Lyakhovsky, V. and Agnon, A.},
  journal={Geophysical Journal International},
  volume={156},
  number={3},
  pages={701--713},
  year={2004},
  publisher={Oxford University Press}
}
%
@book{Gurtin2010,
  title={The mechanics and thermodynamics of continua},
  author={Gurtin, Morton E. and Fried, Eliot and Anand, Lallit},
  year={2010},
  publisher={Cambridge University Press}
}
%
@article{Borja2004,
  title={{C}am-{C}lay plasticity. {P}art {V}: {A} mathematical framework for three-phase deformation and strain localization analyses of partially saturated porous media},
  author={Borja, R. I.},
  journal={Computer Methods in Applied Mechanics and Engineering},
  volume={193},
  number={48},
  pages={5301--5338},
  year={2004},
  publisher={Elsevier}
}
%
@article{Borja2006,
  title={On the mechanical energy and effective stress in saturated and unsaturated porous continua},
  author={Borja, R. I.},
  journal={International Journal of Solids and Structures},
  volume={43},
  number={6},
  pages={1764--1786},
  year={2006},
  publisher={Elsevier}
}
%
@article{Song2014,
  title={Mathematical framework for unsaturated flow in the finite deformation range},
  author={Song, X. and Borja, R. I.},
  journal={International Journal for Numerical Methods in Engineering},
  volume={97},
  number={9},
  pages={658--682},
  year={2014},
  publisher={Wiley Online Library}
}
%
@article{Luo2014,
  title={Effects of particle size and moisture on the compressive behavior of dense Eglin sand under confinement at high strain rates},
  author={Luo, Huiyang and Cooper, W. L. and Lu, Hongbing},
  journal={International Journal of Impact Engineering},
  volume={65},
  pages={40--55},
  year={2014},
  publisher={Elsevier}
}
%
@article{Dymond1988,
  title={The Tait equation: 100 years on},
  author={Dymond, J. H.  and Malhotra, R. },
  journal={International Journal of Thermophysics},
  volume={9},
  number={6},
  pages={941--951},
  year={1988},
  publisher={Springer}
}
%
@article{Macdonald1966,
  title={Some simple isothermal equations of state},
  author={Macdonald, J. Ross},
  journal={Reviews of Modern Physics},
  volume={38},
  number={4},
  pages={669},
  year={1966},
  publisher={APS}
}
%
@inproceedings{Johnson2004,
  title={EOS of Mixtures: Phase Transformation and Explosive Reaction},
  author={Johnson, J. N.  and Dolan, D. H.  and Howe, P. M.},
  booktitle={Shock Compression of Condensed Matter-2003: Proceedings of the Conference of the American Physical Society Topical Group on Shock Compression of Condensed Matter},
  volume={706},
  number={1},
  pages={347--350},
  year={2004},
  organization={AIP Publishing}
}
%
@article{Sekine1995,
  title={Shock compression and isentropic release of granite},
  author={Sekine, Toshimori and Duffy, Thomas S and Rubin, Allan M and Anderson, W. W and Ahrens, Thomas J},
  journal={Geophysical Journal International},
  volume={120},
  number={2},
  pages={247--261},
  year={1995},
  publisher={Oxford University Press}
}
%
@article{Grujicic2008,
  title={Parameterization of the porous-material model for sand with different levels of water saturation},
  author={Grujicic, Mica and Pandurangan, B. and Qiao, R. and Cheeseman, B. A.  and Roy, W. N.  and Skaggs, R. R.  and Gupta, R. },
  journal={Soil Dynamics and Earthquake Engineering},
  volume={28},
  number={1},
  pages={20--35},
  year={2008},
  publisher={Elsevier}
}
%
@article{Berg1995,
  title={A simple, effective-medium model for water saturation in porous rocks},
  author={Berg, Charles R.},
  journal={Geophysics},
  volume={60},
  number={4},
  pages={1070--1080},
  year={1995},
  publisher={Society of Exploration Geophysicists}
}
%
@article{Buscarnera2014,
  title={Uniqueness and existence in plasticity models for unsaturated soils},
  author={Buscarnera, Giuseppe},
  journal={Acta Geotechnica},
  volume={9},
  number={2},
  pages={313--327},
  year={2014},
  publisher={Springer}
}
%
@article{Coussy2010,
  title={Revisiting the thermodynamics of hardening plasticity for unsaturated soils},
  author={Coussy, O. and Pereira, J.-M. and Vaunat, J.},
  journal={Computers and Geotechnics},
  volume={37},
  number={1},
  pages={207--215},
  year={2010},
  publisher={Elsevier}
}
%
@article{Pedroso2015,
  title={A consistent u-p formulation for porous media with hysteresis},
  author={Pedroso, Dorival M.},
  journal={International Journal for Numerical Methods in Engineering},
  volume={101},
  number={8},
  pages={606--634},
  year={2015},
  publisher={Wiley Online Library}
}
%
@incollection{Nikooee2012,
  title={The effective stress in unsaturated soils: Insights from thermodynamics},
  author={Nikooee, Ehsan and Habibagahi, Ghassem and Hassanizadeh, S. M. and Ghahramani, Arsalan},
  booktitle={Unsaturated soils: Research and applications},
  pages={5--11},
  year={2012},
  publisher={Springer}
}
%
@article{Borja2010,
  title={Conservation laws for coupled hydromechanical processes in unsaturated porous media: Theory and implementation},
  author={Borja, R. I. and White, J. A.},
  journal={Mechanics of Unsaturated Geomaterials},
  pages={185--208},
  year={2010}
}
%
@article{Fuentes2013,
  title={Hydro-mechanical hypoplastic models for unsaturated soils under isotropic stress conditions},
  author={Fuentes, W. and Triantafyllidis, Th.},
  journal={Computers and Geotechnics},
  volume={51},
  pages={72--82},
  year={2013},
  publisher={Elsevier}
}
%
@article{Liu2011,
  title={Coupled hydro-mechanical elastoplastic constitutive model for unsaturated sands and silts. I: Formulation},
  author={Liu, Chunyang and Muraleetharan, Kanthasamy K.},
  journal={International Journal of Geomechanics},
  volume={12},
  number={3},
  pages={239--247},
  year={2011},
  publisher={American Society of Civil Engineers}
}
%
@article{Buscarnera2012,
  title={The yielding of brittle unsaturated granular soils},
  author={Buscarnera, G. and Einav, I.},
  journal={G{\'e}otechnique},
  volume={62},
  number={2},
  pages={147},
  year={2012}
}
%
@article{Coussy2007,
  title={Revisiting the constitutive equations of unsaturated porous solids using a Lagrangian saturation concept},
  author={Coussy, O.},
  journal={International Journal for Numerical and Analytical Methods in Geomechanics},
  volume={31},
  number={15},
  pages={1675--1694},
  year={2007},
  publisher={Wiley Online Library}
}
%
@article{Gray2007,
  title={Analysis of the solid phase stress tensor in multiphase porous media},
  author={Gray, W. G. and Schrefler, B. A.},
  journal={International Journal for Numerical and Analytical Methods in Geomechanics},
  volume={31},
  number={4},
  pages={541--581},
  year={2007},
  publisher={Wiley Online Library}
}
%
@article{Li2004,
  title={Dynamics of porous media at finite strain},
  author={Li, C. and Borja, R. I. and Regueiro, R. A.},
  journal={Computer methods in applied mechanics and engineering},
  volume={193},
  number={36},
  pages={3837--3870},
  year={2004},
  publisher={Elsevier}
}
%
@article{Houlsby1997,
  title={The work input to an unsaturated granular material},
  author={Houlsby, G.T.},
  journal={G{\'e}otechnique},
  volume={47},
  number={1},
  pages={193--196},
  year={1997},
  publisher={London: Geotechnical Society, 1948-}
}
%
@article{Hassanizadeh1990,
  title={Mechanics and thermodynamics of multiphase flow in porous media including interphase boundaries},
  author="Hassanizadeh, S. M. and Gray, W. G.",
  journal={Advances in water resources},
  volume={13},
  number={4},
  pages={169--186},
  year={1990},
  publisher={Elsevier}
}
%
@article{Masin2015,
  title={The influence of experimental and sampling uncertainties on the probability of unsatisfactory performance in geotechnical applications},
  author={Ma{\v{s}}{\'\i}n, D.},
  journal={G{\'e}otechnique},
  volume={65},
  number={11},
  pages={897--910},
  year={2015},
  publisher={Thomas Telford Ltd}
}
%
@article{Masin2012,
  title={A thermo-mechanical model for variably saturated soils based on hypoplasticity},
  author={Ma{\v{s}}{\'\i}n, D. and Khalili, N.},
  journal={International Journal for Numerical and Analytical Methods in Geomechanics},
  volume={36},
  number={12},
  pages={1461--1485},
  year={2012},
  publisher={Wiley Online Library}
}
%
@article{Dumont2011,
  title={A thermo-hydro-mechanical model for unsaturated soils based on the effective stress concept},
  author={Dumont, Matthieu and Taibi, Said and Fleureau, Jean-Marie and Abou-Bekr, Nabil and Saouab, Abdelghani},
  journal={International Journal for Numerical and Analytical Methods in Geomechanics},
  volume={35},
  number={12},
  pages={1299--1317},
  year={2011},
  publisher={Wiley Online Library}
}
%
@article{Gray2001,
  title={Thermodynamic approach to effective stress in partially saturated porous media},
  author={Gray, W. G. and Schrefler, B. A.},
  journal={European Journal of Mechanics-A/Solids},
  volume={20},
  number={4},
  pages={521--538},
  year={2001},
  publisher={Elsevier}
}
%
@article{LePense2016,
  title={A fully coupled damage-plasticity model for unsaturated geomaterials accounting for the ductile--brittle transition in drying clayey soils},
  author={Le Pense, S. and Arson, C. and Pouya, A.},
  journal={International Journal of Solids and Structures},
  year={2016},
  publisher={Elsevier}
}
%
@article{Gray1991a,
  title={Paradoxes and realities in unsaturated flow theory},
  author={Gray, W. G. and Hassanizadeh, S. M.},
  journal={Water Resour. Res},
  volume={27},
  number={8},
  pages={1847--1854},
  year={1991}
}
%
@article{Gray1991,
  title={Unsaturated flow theory including interfacial phenomena},
  author={Gray, W. G. and Hassanizadeh, S. M.},
  journal={Water Resour. Res},
  volume={27},
  number={8},
  pages={1855--1863},
  year={1991}
}
%
@article{Gray1989,
  title={Averaging theorems and averaged equations for transport of interface properties in multiphase systems},
  author={Gray, W. G. and Hassanizadeh, S. M.},
  journal={International Journal of Multiphase Flow},
  volume={15},
  number={1},
  pages={81--95},
  year={1989},
  publisher={Elsevier}
}
%
@article{Hassanizadeh1979,
  title={General conservation equations for multi-phase systems: 1. Averaging procedure},
  author={Hassanizadeh, S. M. and Gray, W. G.},
  journal={Advances in Water Resources},
  volume={2},
  pages={131--144},
  year={1979},
  publisher={Elsevier}
}
%
@article{Lade2016,
  title={Stress drop effects in time dependent behavior of quartz sand},
  author={Lade, P. V. and Karimpour, Hamid},
  journal={International Journal of Solids and Structures},
  volume={87},
  pages={167--182},
  year={2016},
  publisher={Elsevier}
}
%
@article{Song2016,
  title={Dynamic bulk and shear moduli due to grain-scale local fluid flow in fluid-saturated cracked poroelastic rocks: Theoretical model},
  author={Song, Yongjia and Hu, Hengshan and Rudnicki, John W.},
  journal={Journal of the Mechanics and Physics of Solids},
  volume={92},
  pages={28--54},
  year={2016},
  publisher={Elsevier}
}
%
@article{Gonzalez2016,
  title={Microstructure evolution of compressible granular systems under large deformations},
  author={Gonzalez, Marcial and Cuitino, Alberto M.},
  journal={Journal of the Mechanics and Physics of Solids},
  year={2016},
  publisher={Elsevier}
}
%
@article{Travascio2015,
  title={Analysis of the consolidation problem of compressible porous media by a macroscopic variational continuum approach},
  author={Travascio, Francesco and Asfour, Shihab and Serpieri, Roberto and Rosati, Luciano},
  journal={Mathematics and Mechanics of Solids},
  pages={1081286515616049},
  year={2015},
  publisher={SAGE Publications}
}
%
@article{Madeo2013,
  title={A continuum model for deformable, second gradient porous media partially saturated with compressible fluids},
  author={Madeo, Angela and Dell'Isola, Francesco and Darve, F{\'e}lix},
  journal={Journal of the Mechanics and Physics of Solids},
  volume={61},
  number={11},
  pages={2196--2211},
  year={2013},
  publisher={Elsevier}
}
%
@article{Svendsen1995,
  title={On the thermodynamics of a mixture of isotropic materials with constraints},
  author={Svendsen, Bob and Hutter, Kolumban},
  journal={International Journal of Engineering Science},
  volume={33},
  number={14},
  pages={2021--2054},
  year={1995},
  publisher={Elsevier}
}
%
@article{Uzuoka2012,
  title={Dynamics of unsaturated poroelastic solids at finite strain},
  author={Uzuoka, R. and Borja, R. I.},
  journal={International Journal for Numerical and Analytical Methods in Geomechanics},
  volume={36},
  number={13},
  pages={1535--1573},
  year={2012},
  publisher={Wiley Online Library}
}
%
@article{Gawin1996,
  title={Thermo-hydro-mechanical analysis of partially saturated porous materials},
  author={Gawin, D. and Schrefler, B. A. and Galindo, M.},
  journal={Engineering Computations},
  volume={13},
  number={7},
  pages={113--143},
  year={1996},
  publisher={MCB UP Ltd}
}
%
@inproceedings{Sanavia2014,
  title={A model for non-isothermal variably saturated porous media in dynamics},
  author={Sanavia, L. and Cao, D. T. and Passarotto, M. and Schrefler, B.},
  booktitle={International Center for Numerical Methods in Engineering},
  year={2014}
}
%
@inproceedings{Sanavia2009,
  title={Coupled hydro-thermo-mechanical analysis of a deep radioactive waste disposal based on porous media mechanics},
  author={Sanavia, Lorenzo and Laloui, Lyesse and Passarotto, Mareva and Luison, Loris and Fran{\c{c}}ois, Bertrand},
  booktitle={International Conference on Computational Methods for Coupled Problems in Science and Engineering, Coupled Problems’ 09},
  year={2009}
}
%
@article{Passarotto2009,
  title={Coupled hydro-thermo-mechanical analysis of a deep radioactive waste disposal based on porous media mechanics},
  author={Passarotto, Mareva and Luison, Loris and Sanavia, Lorenzo and Laloui, Lyesse and Francois, Bertrand},
  year={2009}
}
%
@article{Papastavrou2010,
  title={On deformational and configurational poro-mechanics: dissipative versus non-dissipative modelling of two-phase solid/fluid mixtures},
  author={Papastavrou, Areti and Steinmann, Paul},
  journal={Archive of Applied Mechanics},
  volume={80},
  number={9},
  pages={969--984},
  year={2010},
  publisher={Springer}
}
%
@article{Gajo2011,
  title={Finite strain hyperelastoplastic modelling of saturated porous media with compressible constituents},
  author={Gajo, A.},
  journal={International Journal of Solids and Structures},
  volume={48},
  number={11},
  pages={1738--1753},
  year={2011},
  publisher={Elsevier}
}
%
@article{Gajo2011a,
  title={Finite element modelling of saturated porous media at finite strains under dynamic conditions with compressible constituents},
  author={Gajo, Alessandro and Denzer, Ralf},
  journal={International Journal for Numerical Methods in Engineering},
  volume={85},
  number={13},
  pages={1705--1736},
  year={2011},
  publisher={Wiley Online Library}
}
%
@article{Sciarra2016,
  title={Phase field modeling of partially saturated deformable porous media},
  author={Sciarra, Giulio},
  journal={Journal of the Mechanics and Physics of Solids},
  year={2016},
  publisher={Elsevier}
}
%
@article{Ghorbani2016,
  title={Numerical modelling of multiphase flow in unsaturated deforming porous media},
  author={Ghorbani, J. and Nazem, M. and Carter, J.P.},
  journal={Computers and Geotechnics},
  volume={71},
  pages={195--206},
  year={2016},
  publisher={Elsevier}
}
%
@article{Schrefler2004,
  title={Multiphase flow in deforming porous material},
  author={Schrefler, B. A. and Pesavento, F.},
  journal={Computers and Geotechnics},
  volume={31},
  number={3},
  pages={237--250},
  year={2004},
  publisher={Elsevier}
}
%
@article{Cao2016,
  title={A thermo-hydro-mechanical model for multiphase geomaterials in dynamics with application to strain localization simulation},
  author={Cao, T. D. and Sanavia, L. and Schrefler, B. A.},
  journal={International Journal for Numerical Methods in Engineering},
  year={2016},
  publisher={Wiley Online Library}
}
%
@article{Li2016,
  title={Meso-hydro-mechanically informed effective stresses and effective pressures for saturated and unsaturated porous media},
  author={Li, X. and Du, Y. and Zhang, S. and Duan, Q. and Schrefler, B. A. },
  journal={European Journal of Mechanics-A/Solids},
  volume={59},
  pages={24--36},
  year={2016},
  publisher={Elsevier}
}
%
@article{Serpieri2016,
  title={A medium-independent variational macroscopic theory of two-phase porous media--Part I: Derivation of governing equations and stress partitioning laws},
  author={Serpieri, Roberto and Travascio, Francesco},
  year={2016}
}
%
@article{Zhang2012,
  title={Return mapping algorithm for an enhanced generalized plasticity constitutive model of partially saturated soils},
  author={Zhang, H. W. and Santagiuliana, R. and Schrefler, B. A.},
  journal={Computers and Geotechnics},
  volume={45},
  pages={53--61},
  year={2012},
  publisher={Elsevier}
}
%
@article{Serpieri2015,
  title={Variationally consistent derivation of the stress partitioning law in saturated porous media},
  author={Serpieri, Roberto and Travascio, Francesco and Asfour, Shihab and Rosati, Luciano},
  journal={International Journal of Solids and Structures},
  volume={56},
  pages={235--247},
  year={2015},
  publisher={Elsevier}
}
%
@article{Taiebat2015,
  title={A True Zero Elastic Range Sand Plasticity Model},
  author={Taiebat, M. and Dafalias, Y.F.},
  year={2015}
}
%
@article{Martin2009,
  title={Moisture effects on the high strain-rate behavior of sand},
  author={Martin, Bradley E. and Chen, Weinong and Song, Bo and Akers, Stephen A.},
  journal={Mechanics of materials},
  volume={41},
  number={6},
  pages={786--798},
  year={2009},
  publisher={Elsevier}
}
%
@article{Higgins2011,
  title={A HIGH STRAIN-RATE CONSTITUTIVE MODEL FOR SAND WITH APPLICATION IN FINITE ELEMENT ANALYSIS Internal Geotechnical Report 2011-4},
  author={Higgins, W. and Basu, Dipanjan},
  year={2011}
}
%
@article{Higgins2013,
  title={A high strain-rate constitutive model for sand and its application in finite-element analysis of tunnels subjected to blast},
  author={Higgins, W. and Chakraborty, Tanusree and Basu, Dipanjan},
  journal={International Journal for Numerical and Analytical Methods in Geomechanics},
  volume={37},
  number={15},
  pages={2590--2610},
  year={2013},
  publisher={Wiley Online Library}
}
%
@article{Hu2015,
  title={A coupled two-phase fluid flow and elastoplastic deformation model for unsaturated soils: theory, implementation, and application},
  author={Hu, Ran and Chen, Yi-Feng and Liu, Hui-Hai and Zhou, Chuang-Bing},
  journal={International Journal for Numerical and Analytical Methods in Geomechanics},
  year={2015},
  publisher={Wiley Online Library}
}
%
@article{Gray2009,
  title={The solid phase stress tensor in porous media mechanics and the Hill--Mandel condition},
  author={Gray, W. G. and Schrefler, B. A. and Pesavento, F.},
  journal={Journal of the Mechanics and Physics of Solids},
  volume={57},
  number={3},
  pages={539--554},
  year={2009},
  publisher={Elsevier}
}
%
@article{Schrefler2001,
  title={A fully coupled dynamic model for two-phase fluid flow in deformable porous media},
  author={Schrefler, B. A. and Scotta, R.},
  journal={Computer methods in applied mechanics and engineering},
  volume={190},
  number={24},
  pages={3223--3246},
  year={2001},
  publisher={Elsevier}
}
%
@article{Andrade2008,
  title={Evaluation of a predictive constitutive model for sands},
  author={Andrade, J. E. and Ellison, K. C.},
  journal={Journal of geotechnical and geoenvironmental engineering},
  volume={134},
  number={12},
  pages={1825--1828},
  year={2008},
  publisher={American Society of Civil Engineers}
}
%
@article{Pietru1996,
  title={Constitutive relations for partially saturated soils containing gas inclusions},
  author={Pietruszczak, S. and Pande, G.N.},
  journal={Journal of geotechnical engineering},
  volume={122},
  number={1},
  pages={50--59},
  year={1996},
  publisher={American Society of Civil Engineers}
}
%
@article{Goren2013,
  title={A general criterion for liquefaction in granular layers with heterogeneous pore pressure},
  author={Goren, Liran and Toussaint, Renaud and Aharonov, Einat and Sparks, David and Flekk{\o}y, Eirik Grude},
  journal={arXiv preprint arXiv:1312.6422},
  year={2013}
}
%
@article{Aharonov2013,
  title={Localization of Shear in Saturated Granular Media: Insights from a Multi-Scaled Granular-Fluid Model},
  author={Aharonov, Einat and Goren, Liran and Sparks, David and Toussaint, Renaud},
  journal={arXiv preprint arXiv:1310.4912},
  year={2013}
}
%
@article{Lakeland2014,
  title={Towards a complete model of soil liquefaction: the importance of fluid flow and grain motion},
  author={Lakeland, Daniel L. and Rechenmacher, Amy and Ghanem, Roger},
  journal={Proc. R. Soc. A},
  volume={470},
  number={2165},
  pages={20130453},
  year={2014},
  organization={The Royal Society}
}
%
@article{Goren2011,
  title={The mechanical coupling of fluid-filled granular material under shear},
  author={Goren, Liran and Aharonov, Einat and Sparks, David and Toussaint, Renaud},
  journal={Pure and applied geophysics},
  volume={168},
  number={12},
  pages={2289--2323},
  year={2011},
  publisher={Springer}
}
%
@article{Goren2010,
  title={Pore pressure evolution in deforming granular material: A general formulation and the infinitely stiff approximation},
  author={Goren, L and Aharonov, E and Sparks, D and Toussaint, R},
  journal={Journal of Geophysical Research: Solid Earth},
  volume={115},
  number={B9},
  year={2010},
  publisher={Wiley Online Library}
}
%
@article{Lei2015,
  title={A generalized anisotropic deformation formulation for geomaterials},
  author={Lei, Z. and Rougier, Esteban and Knight, E.E. and Munjiza, A. and Viswanathan, H.},
  journal={Computational Particle Mechanics},
  pages={1--14},
  year={2015},
  publisher={Springer}
}
%
@article{Oztoprak2013,
  title={Stiffness of sands through a laboratory test database},
  author={Oztoprak, S. and Bolton, M.D.},
  journal={G{\'e}otechnique},
  volume={63},
  number={1},
  pages={54--70},
  year={2013},
  publisher={Thomas Telford Ltd}
}
%
@techreport{schuster1972equations,
  title={Equations of state for geologic materials},
  author={Schuster, Sheldon H. and Isenberg, J.},
  year={1972},
  institution={DTIC Document}
}
%
@article{Anderson1968,
  title={The Equation of State of Ice and Composite Frozen Material},
  author={Anderson, G.D.},
  journal={US Army cold Reg. Res. \& Eng. Lab. Res. Rept},
  year={1968}
}
%
@article{Lane2014,
  title={Enhanced densification under shock compression in porous silicon},
  author={Lane, J. Matthew D. and Thompson, Aidan P. and Vogler, Tracy J.},
  journal={Physical Review B},
  volume={90},
  number={13},
  pages={134311},
  year={2014},
  publisher={APS}
}
%
@article{Vogler2015,
  title={Shock Wave Perturbation Decay in Granular Materials},
  author={Vogler, Tracy J.},
  journal={Journal of Dynamic Behavior of Materials},
  volume={1},
  number={4},
  pages={370--387},
  year={2015},
  publisher={Springer}
}
%
@article{Anderson1968a,
  title={Shock-wave equations of state for rocks and minerals},
  author={Anderson, Don L. and Kanamori, Hiroo},
  journal={Journal of Geophysical Research},
  volume={73},
  number={20},
  pages={6477--6502},
  year={1968},
  publisher={Wiley Online Library}
}
%
@techreport{Vogler2012,
  title={Shock Loading of Dry and Wet Sand: Experiments and Mesoscale Simulations},
  author={Vogler, T. J. and Thornhill, T. F. and Reinhart, W. D. and Borg, J. P.},
  year={2012},
  institution={LLNL Internal Report}
}
%
@inproceedings{Brown2007,
  title={Dynamic compaction of sand},
  author={Brown, J.L. and Vogler, T.J. and Grady, Dennis E. and Reinhart, W. D. and Chhabildas, Lalit C. and Thornhill, Tom F.},
  booktitle={SHOCK COMPRESSION OF CONDENSED MATTER-2007: Proceedings of the Conference of the American Physical Society Topical Group on Shock Compression of Condensed Matter},
  volume={955},
  number={1},
  pages={1363--1366},
  year={2007},
  organization={AIP Publishing}
}
%
@article{Perry2015,
  title={Behaviour of moist and saturated sand during shock and release},
  author={Perry, J.I. and Braithwaite, C.H. and Taylor, N.E. and Jardine, A.P.},
  journal={Applied Physics Letters},
  volume={107},
  number={17},
  pages={174102},
  year={2015},
  publisher={AIP Publishing}
}
%
@incollection{Ahrens1993,
  title={Equation of state},
  author={Ahrens, T.J.},
  booktitle={High-Pressure Shock Compression of Solids},
  pages={75--113},
  year={1993},
  publisher={Springer}
}
%
@phdthesis{Kambouchev2007,
  title={Analysis of blast mitigation strategies exploiting fluid-structure interaction},
  author={Kambouchev, Nayden},
  year={2007},
  school={Harvard University}
}
%
@article{Sotani2000,
  title={Volumetric behaviour of water under high pressure at subzero temperature},
  author={Sotani, Tomohiro and Arabas, Jacek and Kubota, Hironobu and Kijima, Masamichi and Asada, Shoji},
  journal={HIGH TEMPERATURES HIGH PRESSURES},
  volume={32},
  number={4},
  pages={433--440},
  year={2000},
  publisher={Citeseer}
}
%
@article{Huang1971,
  title={Computer simulation of high speed collision with raindrop: combined spherical-cylindrical shape},
  author={Huang, Yen-Chen and Hammitt, Frederick G. and Yang, Wen-Jei},
  year={1971}
}
%
@book{Poulos1971,
  title={The stress-strain curves of soils},
  author={Poulos, Steve J.},
  year={1971},
  publisher={Geotechnical Engineers Incorporated}
}
%
@article{Bishop1977,
  title={The influence of high pore-water pressure on the strength of cohesionless soils},
  author={Bishop, A. W. and Skinner, A.E.},
  journal={Philosophical Transactions of the Royal Society of London A: Mathematical, Physical and Engineering Sciences},
  volume={284},
  number={1318},
  pages={91--130},
  year={1977},
  publisher={The Royal Society}
}
%
@article{Logani1973,
  title={Dilatancy model for the failure of rocks},
  author={Logani, K. L.},
  year={1973},
  publisher={Digital Repository@ Iowa State University, http://lib. dr. iastate. edu/}
}
%
@article{Tinoco1967,
  title={Shear strength of granular materials},
  author={Tinoco, F. H.},
  year={1967},
  publisher={Digital Repository@ Iowa State University, http://lib. dr. iastate. edu/}
}
%
@article{Browning1970,
  title={Shear strength characteristics of crushed glass},
  author={Browning, F. R.},
  year={1970},
  publisher={University of Missouri--Rolla}
}
%
@article{groves1969correlation,
  title={Correlation of particulate theory and behavior of real soils},
  author={Groves, C. B.},
  year={1969},
  publisher={University of Missouri--Rolla}
}
%
@article{Bolton1987,
  title={The strength and dilatancy of sands},
  author={Bolton, M. D.},
  journal={Geotechnique},
  volume={37},
  number={2},
  year={1987}
}
%
@article{Hayward1967,
  title={Compressibility equations for liquids: a comparative study},
  author={Hayward, A. T. J.},
  journal={British Journal of Applied Physics},
  volume={18},
  number={7},
  pages={965},
  year={1967},
  publisher={IOP Publishing}
}
%
@techreport{Fisher1975,
  title={Equation of state of pure water and sea water},
  author={Fisher, F. H. and Dial Jr, O. E.},
  year={1975},
  institution={DTIC Document}
}
%
@article{Nolen2000,
  title={Modulus-porosity relations, Gassmann's equations, and the low-frequency elastic-wave response to fluids},
  author={Nolen-Hoeksema, R. C.},
  journal={Geophysics},
  volume={65},
  number={5},
  pages={1355--1363},
  year={2000},
  publisher={Society of Exploration Geophysicists}
}
%
@misc{Lade2005,
  title={Overview of constitutive models for soils},
  author={Lade, P. V.},
  journal={Soils constitutive models, Evaluation, selection and calibration (GSP 128)},
  year={2005},
  publisher={ASCE}
}
%
@article{Karimpour2010,
  title={Time effects relate to crushing in sand},
  author={Karimpour, H. and Lade, P. V.},
  journal={Journal of Geotechnical and Geoenvironmental Engineering},
  volume={136},
  number={9},
  pages={1209--1219},
  year={2010},
  publisher={American Society of Civil Engineers}
}
%
@article{Lade2009,
  title={Strain rate, creep, and stress drop-creep experiments on crushed coral sand},
  author={Lade, P. V. and Liggio Jr, C. D. and Nam, J.},
  journal={Journal of geotechnical and geoenvironmental engineering},
  volume={135},
  number={7},
  pages={941--953},
  year={2009},
  publisher={American Society of Civil Engineers}
}
%
@article{Lade2008,
  title={Shear banding and cross-anisotropic behavior observed in laboratory sand tests with stress rotation},
  author={Lade, P. V and Nam, J. and Hong, W. P.},
  journal={Canadian Geotechnical Journal},
  volume={45},
  number={1},
  pages={74--84},
  year={2008},
  publisher={NRC Research Press}
}
%
@article{Dvorkin1999,
  title={Identifying patchy saturation from well logs},
  author={Dvorkin, J. and Moos, D. and Packwood, J. L. and Nur, A. M.},
  journal={Geophysics},
  volume={64},
  number={6},
  pages={1756--1759},
  year={1999},
  publisher={Society of Exploration Geophysicists}
}
%
@article{adam2006,
  title={Gassmann's fluid substitution and shear modulus variability in carbonates at laboratory seismic and ultrasonic frequencies},
  author={Adam, L. and Batzle, M. and Brevik, I.},
  journal={Geophysics},
  volume={71},
  number={6},
  pages={F173--F183},
  year={2006},
  publisher={Society of Exploration Geophysicists}
}
%
@article{adam2008a,
  title={Elastic properties of carbonates from laboratory measurements at seismic and ultrasonic frequencies},
  author={Adam, L. and Batzle, M.},
  journal={The Leading Edge},
  volume={27},
  number={8},
  pages={1026--1032},
  year={2008},
  publisher={Society of Exploration Geophysicists}
}
%
@article{Fazekas2006,
  title={Morphologies of three-dimensional shear bands in granular media},
  author={Fazekas, S. and T{\"o}r{\"o}k, J. and Kert{\'e}sz, J. and Wolf, D. E.},
  journal={Physical Review E},
  volume={74},
  number={3},
  pages={031303},
  year={2006},
  publisher={APS}
}
%
@article{Monkul2014,
  title={Compressibility as an Indicator of Liquefaction Potential},
  author={Monkul, M. M. and Lade, P. V. and Etminan, E. and Senol, A.},
  journal={Geotech Eng J SEAGS AGSSEA},
  volume={45},
  number={4},
  pages={73--77},
  year={2014}
}
%
@techreport{An2010,
  title={Soil behavior under blast loading},
  author={An, J.},
  year={2010},
  institution={DTIC Document}
}
%
@article{Meroi1995,
  title={Large strain static and dynamic semisaturated soil behaviour},
  author={Meroi, E. A.  and Schrefler, B. A.  and Zienkiewicz, O. C. },
  journal={International Journal for Numerical and Analytical Methods in Geomechanics},
  volume={19},
  number={2},
  pages={81--106},
  year={1995},
  publisher={Wiley Online Library}
}
%
@article{Coussy2009,
  title={Prediction of drying shrinkage beyond the pore isodeformation assumption},
  author={Coussy, O. and Brisard, S.},
  journal={Journal of Mechanics of Materials and Structures},
  volume={4},
  number={2},
  pages={263--279},
  year={2009},
  publisher={Mathematical Sciences Publishers}
}
%
@article{Vlahinic2009,
  title={A constitutive model for drying of a partially saturated porous material},
  author={Vlahini{\'c}, I. and Jennings, H. M.  and Thomas, J. J. },
  journal={Mechanics of Materials},
  volume={41},
  number={3},
  pages={319--328},
  year={2009},
  publisher={Elsevier}
}
%
@article{Santagiuliana2006,
  title={Enhancing the Bolzon--Schrefler--Zienkiewicz constitutive model for partially saturated soil},
  author={Santagiuliana, R.  and Schrefler, B. A. },
  journal={Transport in Porous Media},
  volume={65},
  number={1},
  pages={1--30},
  year={2006},
  publisher={Springer}
}
%
@article{Grasley2012,
  title={Revisiting total, matric, and osmotic suction in partially saturated geomaterials},
  author={Grasley, Z. C. and Rajagopal, K. R.},
  journal={Zeitschrift f{\"u}r angewandte Mathematik und Physik},
  volume={63},
  number={2},
  pages={373--394},
  year={2012},
  publisher={Springer}
}
%
@inproceedings{Rossi2002,
  title={A High Order Lagrangian Scheme for Flow Through},
  author={Rossi, L. F.},
  booktitle={Fluid Flow and Transport in Porous Media, Mathematical and Numerical Treatment: Proceedings of an AMS-IMS-SIAM Joint Summer Research Conference on Fluid Flow and Transport in Porous Media, Mathematical and Numerical Treatment, June 17-21, 2001, Mount Holyoke College, South Hadley, Massachusetts},
  volume={295},
  pages={433},
  year={2002},
  organization={American Mathematical Soc.}
}
%
@article{Zhou2015,
  title={An advanced hydro-mechanical constitutive model for unsaturated soils with different initial densities},
  author={Zhou, A. and Sheng, D.},
  journal={Computers and Geotechnics},
  volume={63},
  pages={46--66},
  year={2015},
  publisher={Elsevier}
}
%
@article{Wong2014,
  title={Coupled hydro-mechanical model for partially saturated soils predicting small strain stiffness},
  author={Wong, K. S. and Ma{\v{s}}{\'\i}n, D.},
  journal={Computers and Geotechnics},
  volume={61},
  pages={355--369},
  year={2014},
  publisher={Elsevier}
}
%
@phdthesis{Georgiadis2003,
  title={Development, implementation and application of partially saturated soil models in finite element analysis},
  author={Georgiadis, K.},
  year={2003},
  school={Imperial College}
}
%
@article{Alonso1990,
  title={Constitutive model for partially saturated soils},
  author={Alonso, E. E and Gens, A. and Josa, A. and others},
  journal={G{\'e}otechnique},
  volume={40},
  number={3},
  pages={405--430},
  year={1990}
}
%
@article{Kohler2008,
  title={A cap model for partially saturated soils},
  author={Kohler, R. and Hofstetter, G.},
  journal={International Journal for Numerical and analytical methods in Geomechanics},
  volume={32},
  number={8},
  pages={981--1004},
  year={2008},
  publisher={Wiley Online Library}
}
%
@article{Vlahinic2011,
  title={A novel and general form of effective stress in a partially saturated porous material: The influence of microstructure},
  author={Vlahini{\'c}, I. and Jennings, H. M. and Andrade, J. E. and Thomas, J. J.},
  journal={Mechanics of Materials},
  volume={43},
  number={1},
  pages={25--35},
  year={2011},
  publisher={Elsevier}
}
%
@article{Song2014a,
  title={Finite deformation and fluid flow in unsaturated soils with random heterogeneity},
  author={Song, X. and Borja, R. I.},
  journal={Vadose Zone Journal},
  volume={13},
  number={5},
  year={2014},
  publisher={The Soil Science Society of America, Inc.}
}
%
@phdthesis{Bottcher2013,
  title={Thermodynamics of porous media: non-linear flow processes},
  author={B{\"o}ttcher, N.},
  year={2013},
  school={Saechsische Landesbibliothek-Staats-und Universitaetsbibliothek Dresden}
}
%
@article{Arson2009,
  title={A mixed damage model for unsaturated porous media},
  author={Arson, C. and Gatmiri, B.},
  journal={Comptes Rendus M{\'e}canique},
  volume={337},
  number={2},
  pages={68--74},
  year={2009},
  publisher={Elsevier}
}
%
@phdthesis{Faria2003,
  title={Mechanics and Thermodynamics of Mixtures with Continuous Diversity},
  author={Faria Santos, S. H.},
  year={2003},
  school={TU Darmstadt}
}
%
@article{Nedjar2013,
  title={Formulation of a nonlinear porosity law for fully saturated porous media at finite strains},
  author={Nedjar, B.},
  journal={Journal of the Mechanics and Physics of Solids},
  volume={61},
  number={2},
  pages={537--556},
  year={2013},
  publisher={Elsevier}
}
%
@article{Berryman2006,
  title={Effective medium theories for multicomponent poroelastic composites},
  author={Berryman, J. G.},
  journal={Journal of Engineering Mechanics},
  volume={132},
  number={5},
  pages={519--531},
  year={2006},
  publisher={American Society of Civil Engineers}
}
%
@article{Norris2008a,
  title={Eulerian conjugate stress and strain},
  author={Norris, A. N.},
  journal={Journal of Mechanics of Materials and Structures},
  volume={3},
  number={2},
  pages={243--260},
  year={2008},
  publisher={Mathematical Sciences Publishers}
}
%
@incollection{Brannon2007,
  title={Elements of phenomenological plasticity: geometrical insight, computational algorithms, and topics in shock physics},
  author={Brannon, R. M.},
  booktitle={ShockWave Science and Technology Reference Library},
  pages={225--274},
  year={2007},
  publisher={Springer}
}
%
@article{Homel2015,
  title={Continuum effective-stress approach for high-rate plastic deformation of fluid-saturated geomaterials with application to shaped-charge jet penetration},
  author={Homel, M. A. and Guilkey, J. E. and Brannon, R. M.},
  journal={Acta Mechanica},
  pages={1--32},
  year={2015},
  publisher={Springer Vienna}
}
%
@article{Grujicic2009,
  title={Development, parameterization, and validation of a visco-plastic material model for sand with different levels of water saturation},
  author={Grujicic, M. and He, T. and Pandurangan, B. and Bell, W. C. and Cheeseman, B. A.  and Roy, W. N.  and Skaggs, R. R.},
  journal={Proceedings of the Institution of Mechanical Engineers, Part L: Journal of Materials Design and Applications},
  volume={223},
  number={2},
  pages={63--81},
  year={2009},
  publisher={SAGE Publications}
}
%
@article{Berryman1991,
  title={Exact results for generalized Gassmann's equations in composite porous media with two constituents},
  author={Berryman, J. G. and Milton, G. W.},
  journal={Geophysics},
  volume={56},
  number={12},
  pages={1950--1960},
  year={1991},
  publisher={Society of Exploration Geophysicists}
}
%
@article{Pabst2015,
  title={Critical Assessment 18: elastic and thermal properties of porous materials--rigorous bounds and cross-property relations},
  author={Pabst, W and Gregorov{\'a}, E},
  journal={Materials Science and Technology},
  volume={31},
  number={15},
  pages={1801--1808},
  year={2015},
  publisher={Taylor \& Francis}
}
